2836 4852
230 245 448 308 'l'llEOPlllLl
463 246 652 309 Adulocll.
667 245 872 312 commum.
886 247 930 310 IN
942 247 1095 312 EVANG.
1109 246 1179 312 1,.1.
1199 243 1268 313 tlt

155 421 245 480 deum
264 422 298 479 et
313 421 391 478 deus
409 418 479 476 erat
496 414 637 496 verbum,
660 418 722 478 hoc
738 421 807 479 erat
821 423 851 479 in
865 421 1021 499 principio
1036 420 1121 499 apud
1136 418 1264 481 deum:“

153 529 207 588 vel
230 529 302 604 quia
327 527 471 586 Christus
494 544 666 604 resurgens
688 529 811 588 volavit
833 529 872 588 ad
894 530 1012 590 coelos.
1054 531 1155 591 Lucas
1177 525 1265 589 rituti

152 638 291 714 speciem
315 637 437 712 gestat:
469 637 508 694 ad
530 635 617 696 cuins
639 639 739 696 instar
762 639 905 697 salvator
935 641 1045 700 noster
1074 640 1125 698 est
1152 638 1263 697 immo-

152 747 253 820 latus,
276 745 329 802 vel
352 746 434 818 quod
456 746 626 804 sacerdotii
649 746 764 821 figurat
787 747 931 808 officium.

239 847 353 913 ³Liher
374 855 581 930 peccationis
602 853 668 913 Iesu
693 853 824 923 Christi,
848 855 911 934 filit
925 853 1056 923 Dauid,
1078 852 1141 933 filit
1160 852 1261 915 Abro-

152 962 231 1022 ham.
270 961 417 1030 Quamvis
439 962 548 1020 ordine
571 966 779 1024 successionis
801 966 961 1040 posterior
984 965 1025 1023 sit
1047 961 1166 1039 David,
1188 963 1261 1022 ideo

152 1074 255 1131 tamen
278 1071 365 1147 prior
391 1087 481 1145 quam
505 1071 664 1130 Abraham
688 1074 717 1130 in
742 1074 855 1132 domini
878 1074 1083 1150 generatione
1107 1071 1264 1131 describi·

151 1183 220 1256 tur,
250 1181 321 1256 quia
351 1180 499 1256 princeps
530 1179 590 1240 fuit
622 1184 747 1257 generis
779 1181 894 1242 Christi
925 1189 957 1243 et
989 1184 1071 1258 quod
1101 1182 1132 1241 in
1163 1195 1263 1256 reguo

152 1290 257 1349 clarus
281 1289 401 1362 enituit,
424 1288 583 1348 Abraham
607 1307 684 1350 vero
706 1293 894 1367 populorum
918 1292 977 1350 fuit
996 1291 1134 1350 fidelium
1154 1291 1261 1372 pater:

153 1404 185 1456 et
208 1398 248 1457 ob
270 1399 329 1456 hoc
349 1400 437 1473 prius
461 1398 562 1457 David
583 1400 667 1459 filius
691 1401 805 1458 dicitur
826 1399 979 1459 Christus.
1024 1399 1188 1461 Sciendum
1212 1401 1263 1457 eat

153 1522 277 1582 quoqne
300 1507 382 1581 quod
404 1506 583 1565 Matthaeus
608 1525 798 1585 perrogas,
825 1508 927 1568 Lucas
949 1510 1051 1568 antem
1073 1525 1132 1585 per
1152 1524 1262 1566 sacer-

154 1617 246 1674 dotes
271 1616 392 1674 ductam
409 1614 526 1674 Christi
549 1617 699 1692 originem
722 1618 948 1693 comprobavit.
988 1616 1032 1675 lut
1051 1633 1111 1676 non
1133 1617 1182 1675 est
1201 1615 1262 1674 mi·

152 1725 281 1782 randum
298 1724 325 1782 si
341 1725 507 1799 panciores
529 1726 695 1783 secundum
711 1725 901 1785 Matthaeum
925 1727 1143 1785 successiones
1164 1741 1263 1801 nsque

152 1834 194 1892 ad
226 1831 382 1891 Christum
416 1832 550 1910 fuerint,
585 1834 695 1910 plures
725 1850 801 1893 vero
833 1836 1000 1893 secundum
1031 1834 1162 1910 Lucam,
1195 1850 1262 1893 cum

151 1942 310 2018 peratiae
334 1958 488 2018 personas
511 1942 675 2018 generatio
699 1944 831 2002 deducta
855 1944 896 2002 sit
918 1943 989 2002 lesu
1005 1941 1136 2003 Christi:
1158 1943 1264 2019 potuit

153 2050 233 2110 enim
262 2051 331 2109 fieri
359 2053 393 2110 ut
421 2068 480 2127 per
509 2052 639 2111 eundem
671 2053 845 2128 temporum
876 2070 999 2112 cursum
1031 2053 1104 2112 aliis
1133 2052 1262 2112 brevior

153 2160 225 2219 aliis
255 2161 380 2237 longior
409 2161 474 2219 vita
503 2161 699 2237 provenerit.
745 2156 893 2223 leheim·
914 2170 1012 2223 cutem
1035 2162 1195 2242 penerata‘o
1214 2160 1260 2222 sic

153 2379 194 2431 llli
212 2380 352 2445 scriptores
371 2394 458 2431 omnes
473 2379 641 2446 potissimum,
660 2383 688 2429 ut
724 2380 751 2430 tii
777 2380 884 2444 epistola
910 2380 939 2430 sd
964 2382 1090 2446 Ephesios
1114 2396 1136 2432 c.
1154 2379 1188 2432 19
1213 2394 1259 2432 ex*

155 2464 240 2527 rides,
267 2466 292 2515 in
320 2463 409 2529 figuris
429 2465 549 2515 Matthaei
569 2469 595 2515 et
615 2465 688 2515 loan-
723 2465 868 2533 scripsisse,
888 2464 943 2529 sed,
962 2469 989 2516 ut
1007 2466 1032 2516 in
1052 2465 1136 2517 Praei.
1154 2482 1180 2532 p.
1200 2463 1261 2517 vlll

128 2586 129 2589 ,
154 2532 194 2599 nis
219 2551 389 2602 ccrrsenliunt.
429 2548 466 2600 Cl.
494 2548 592 2600 Suicer.
621 2549 688 2600 Tine·
723 2546 840 2608 indicaui,
860 2563 908 2598 una
924 2564 979 2599 curn
994 2548 1161 2599 additamento
1181 2534 1260 2614 (‚,'pu-

155 2649 221 2684 saur.
247 2633 336 2685 eccles.
362 2635 390 2685 T.
417 2633 437 2686 l.
466 2648 489 2699 p.
514 2631 581 2684 12³4
599 2648 636 2699 sq.
664 2635 689 2682 el
725 2636 820 2683 lautam
840 2658 874 2669 -
892 2633 1011 2697 nalum“)
1031 2636 1056 2683 el
1076 2631 1181 2698 reliquis
1201 2644 1259 2682 cau-

155 2719 210 2772 Ulr.
234 2719 280 2772 Fr.
307 2720 394 2786 Kopp.
421 2718 603 2784 Palaeograpls.
632 2719 688 2768 crit.
723 2719 759 2769 sis
778 2717 868 2781 trihus,
887 2716 918 2767 oh
937 2716 1259 2783 qunasadesponsatsrlr·

153 2804 184 2856 Ρ.
203 2805 223 2857 t.
243 2819 267 2869 p.
281 2804 323 2855 18.
339 2803 382 2855 to.
723 2803 783 2872 gine
796 2806 872 2853 natus
888 2801 921 2852 sit
936 2802 1063 2868 Christus,
1081 2803 1107 2854 tu
1118 2816 1178 2853 suos
1190 2813 1259 2863 com-

226 2889 251 2938 3.
269 2888 350 2939 Liher
369 2887 430 2956 etc]
451 2888 541 2940 hlalth.
562 2890 585 2951 1,
606 2889 629 2938 1.
726 2887 861 2937 uuenlarios
874 2887 1072 2954 transplantasse
1084 2886 1260 2939 totidemver-

226 2970 250 3022 4.
272 2972 423 3025 Christi
439 2975 507 3023 erat.
522 3001 555 3010 -
573 2972 635 3023 Com
726 2971 763 3022 bis
784 2987 815 3022 es
831 2971 979 3037 Hieronymi
997 2971 1063 3024 tihi
1079 2971 1259 3024 Commentis

155 3056 259 3124 Mario]
273 3059 362 3110 hlallln.
373 3058 397 3120 1,
407 3057 447 3109 18.
460 3085 493 3096 -
506 3059 537 3110 R.
547 3058 578 3111 A.
588 3058 691 3124 Lipsius
726 3056 816 3108 llallh.
836 3056 861 3118 1,
878 3055 912 3107 18
930 3070 969 3121 ap.
986 3056 1049 3109 Vall.
1065 3056 1094 3108 t.
1109 3056 1162 3107 vll.
1179 3070 1204 3122 p.
1218 3053 1260 3118 12,

157 3133 262 3212 (Ueher
276 3144 301 3197 d.
320 3143 484 3206 Verletttuiss
501 3145 548 3194 der
562 3145 620 3195 drei
634 3159 690 3210 syr.
725 3140 767 3192 uhi
785 3145 888 3208 praeter
902 3146 1000 3193 caetera
1017 3142 1141 3194 habentur
1153 3141 1260 3195 haecce:

156 3227 247 3294 Briese
265 3228 289 3278 d.
309 3227 429 3294 ipuoltos
448 3231 506 3289 etc,
526 3226 689 3296 Ltpa1859,
726 3226 843 3292 ‚dllartyr
863 3226 974 3290 lgnatius
994 3228 1068 3278 etiam
1084 3231 1197 3294 quartam
1216 3222 1260 3278 ad-

155 3329 180 3380 p.
199 3312 244 3377 17)
271 3313 325 3364 voci
344 3311 436 3364 Morio
456 3327 502 3378 per
520 3314 689 3364 coniecturam
725 3311 790 3364 didit
808 3327 922 3363 caussam
941 3327 987 3363 cur
1002 3327 1015 3363 a
1031 3310 1184 3380 desponsata
1199 3325 1260 3362 con*

156 3397 225 3453 addit
244 3397 349 3462 loseph.
381 3396 464 3448 Etiam
484 3397 509 3448 in
527 3397 582 3449 aliis
607 3397 689 3462 (‚‚non
724 3400 814 3462 ceptus
826 3396 875 3448 sit:
894 3399 925 3448 ut
937 3400 1041 3462 partos,
1057 3397 1185 3464 inquiens,
1203 3399 1262 3449 eiua

155 3497 193 3535 ex
208 3480 334 3548 simplici“
348 3507 380 3519 -
396 3494 453 3544 „ex
468 3479 640 3549 desponsata·
657 3509 690 3519 -
724 3482 856 3534 celaretur
881 3481 1002 3544 diodoto,
1029 3480 1088 3534 dum
1112 3496 1169 3534 eum
1188 3484 1262 3548 putat

157 3566 287 3633 „Primo
306 3567 383 3631 ut“)‚
407 3566 505 3617 lactens
524 3580 579 3616 eum
598 3566 629 3617 iis
648 3566 691 3632 qui
727 3580 777 3618 non
796 3565 827 3618 de
845 3567 944 3631 virgine
968 3565 1014 3617 sed
1033 3565 1064 3617 de
1082 3581 1163 3620 uxore
1181 3581 1260 3632 gene·

155 3654 270 3704 veterum
296 3651 440 3702 testimonia
463 3649 495 3701 de
520 3650 611 3717 ignatii
636 3652 692 3718 epi·
726 3651 839 3702 ratum.“
883 3649 972 3716 Neque
998 3650 1170 3714 Hieronuymus
1193 3650 1263 3704 tilam

157 3734 232 3789 stolis
251 3735 410 3800 collegerunt
428 3733 473 3798 (el.
492 3733 608 3786 Calland.
626 3735 692 3787 Bibl.
727 3734 758 3786 de
778 3734 883 3800 virginis
900 3738 989 3802 partu,
1016 3735 1058 3802 qui
1080 3735 1205 3790 diabolum
1222 3737 1260 3790 la·

157 3819 291 3873 vatter.
311 3820 339 3871 Τ.
353 3820 374 3872 l.
391 3837 418 3888 p.
433 3817 506 3884 tls),
525 3835 539 3872 a
558 3820 631 3873 libris
648 3835 691 3871 re·
727 3820 821 3885 tuerit,
844 3819 998 3872 sententiam
1022 3833 1055 3872 ex
1079 3820 1180 3886 lgustio
1203 3820 1263 3890 ipso

158 3904 234 3959 cedit
270 3904 366 3957 Contra
392 3904 507 3956 eumdem
532 3905 562 3957 V.
579 3903 612 3958 o.
639 3919 694 3956 mo·
728 3905 808 3971 (lipia.
821 3921 845 3957 c.
859 3903 904 3972 19)
923 3905 1049 3973 recitarit,
1067 3905 1122 3974 sed,
1140 3912 1169 3959 ut
1186 3905 1264 3958 eliam

157 3990 268 4045 nendum
287 3994 327 4042 est
345 3991 513 4058 Theophilum
530 3994 694 4058 personatum
729 3989 866 4042 vallarsius
889 3989 921 4043 ed
944 3990 1017 4044 Hier.
1035 3991 1053 4045 l.
1074 4006 1096 4045 e.
1116 3994 1142 4043 et
1158 3987 1264 4056 Lipsius

157 4091 188 4128 ea
207 4089 271 4143 quae
289 4074 353 4129 dicit
369 4079 480 4143 „quarte
493 4079 524 4127 ut
536 4078 624 4144 partus
639 4073 693 4126 elus
727 4075 745 4127 1.
764 4089 786 4128 e.
806 4089 832 4141 p.
851 4074 884 4127 19
900 4064 972 4129 recte
990 4075 1121 4140 viderunt,
1148 4088 1181 4127 ex
1198 4071 1260 4127 Ori·

158 4159 422 4214 111111111111101119ί
442 4159 596 4214 ιιιίηὶωσοι
616 4160 692 4225 lgna·
728 4160 801 4226 genis
817 4159 930 4215 Humilia
948 4161 980 4213 vl
999 4160 1030 4214 in
1044 4159 1109 4213 tue.
1126 4157 1156 4211 T.
1168 4157 1216 4213 lll·
1235 4170 1262 4224 p.
