2836 4852
152 237 215 303 364
423 234 623 301 ADDENDA
645 238 696 301 ET
719 238 989 302 EMENDANDA.

150 407 300 469 corrector.
320 435 353 447 -
386 408 416 460 P.
434 406 496 459 215.
515 423 540 460 ιι.
558 406 609 460 28ι
627 406 709 461 lirion
729 421 780 461 non
798 408 845 461 tuit
861 407 939 460 iudex
957 406 1132 461 israelitorum
1151 406 1197 462 sed
1215 424 1265 463 rex
1349 465 1354 473 ,

150 478 327 542 Moabitarum,
347 477 389 529 cui
406 476 552 529 servierunt
569 476 605 528 ilii
622 476 760 530 octodecim
780 477 854 529 annis
874 474 961 544 (iudd.
975 475 1001 541 3,
1021 474 1076 544 11).
1096 506 1130 515 -
1156 477 1186 529 P.
1199 476 1262 534 268.

150 561 173 602 ι.
194 545 212 598 8
229 545 296 599 Feli.
313 550 340 599 et
357 545 483 612 Humphr.
504 560 535 597 ex
553 544 713 616 μετοικεσίᾳ
731 546 850 598 iecerunt
868 544 1043 613 deversorio.
1078 544 1157 598 lidem
1175 547 1262 614 paullo

150 618 210 684 post
228 620 325 667 temero
343 612 530 681 παροικησίας
550 615 724 681 scripseruni;
747 614 873 682 Humphr.
891 615 997 682 insuper
1015 610 1087 679 μετά
1105 629 1152 684 pro
1168 612 1208 680 με’
1223 634 1261 682 or.

150 711 185 721 -
202 684 232 736 P.
246 679 306 735 268.
324 697 350 738 r.
367 680 400 735 16
421 677 591 749 ἀρχαιότερα
608 681 656 736 uod
674 677 848 751 ἀληθέστερα
866 683 923 740 scii.
943 679 1059 735 πάντων
1077 632 1262 752 συγγραφέων

150 748 199 804 καὶ
217 751 352 818 ποιητῶν,
371 768 404 798 =
422 746 556 804 ἁπάντων
575 750 768 819 συγγραφέων,
789 750 833 807 lio.
849 750 884 803 11.
902 765 924 806 o.
939 749 982 805 30.
1002 766 1027 819 p.
1043 749 1094 805 166
1102 750 1131 816 c,
1150 752 1195 805 tib.
1212 752 1261 806 111.

150 834 173 874 c.
194 818 236 873 16.
256 837 282 890 p.
298 818 390 884 1276,
408 836 430 872 c.
445 818 489 873 20.
508 834 532 886 p.
548 819 642 873 1300:
661 836 729 888 „neo
748 835 791 873 res
809 822 922 885 nostroe,
940 825 968 873 ut
985 818 1084 886 quidem
1104 821 1262 887 existiment,

150 887 280 941 fabulosae
299 891 325 939 et
342 887 476 941 mendaces
495 891 564 955 sunt,
583 888 629 941 sed
648 887 776 954 [omnibus
794 889 963 957 scriptoribus
980 887 1087 958 vestris]
1107 888 1195 958 utique
1212 890 1260 942 ιιι-

149 957 275 1024 tiquiores
300 960 327 1009 et
349 957 493 1010 veriores.“
517 985 552 994 -
586 957 616 1009 P.
634 956 686 1010 272
710 959 748 1023 (r.
765 956 795 1021 2)
819 972 845 1008 ιι.
863 956 897 1008 11
915 955 993 1009 eddo:
1022 957 1104 1009 Verbo
1129 955 1203 1011 nord
1228 957 1261 1014 δέ

150 1043 232 1087 τινας
249 1020 307 1077 oirrd
324 1026 417 1090 Λιμοῦ
434 1030 494 1078 sunt
515 1025 655 1111 glossema,
682 1025 749 1146 guod
766 1026 793 1076 in
811 1028 908 1077 textum
927 1024 1043 1094 irrepsit.
1079 1026 1259 1081 coniectorem

150 1109 230 1147 meom
248 1090 352 1154 Ἠλεῖος
369 1109 415 1161 pro
434 1095 502 1160 vulg.
532 1093 607 1156 dicor
631 1107 680 1162 quo
715 1094 819 1157 attinet,
843 1092 931 1146 eedem
954 1092 1190 1148 ioro‘commutstio
1211 1092 1259 1149 do·

149 1163 320 1232 prehenditur
343 1162 385 1213 lib.
404 1162 425 1213 1.
444 1178 466 1214 c.
482 1159 516 1215 16
534 1164 573 1227 (ιι.
591 1160 637 1229 1),
668 1163 710 1214 ubi
736 1163 761 1214 in
782 1163 844 1213 Ven.
870 1175 917 1229 pro
942 1154 1047 1229 ἤλείοις
1070 1163 1193 1231 scriptum
1218 1168 1260 1216 est

150 1225 249 1298 ἡλίοις.
285 1231 347 1283 Tum
371 1230 458 1299 (1.6)
484 1247 510 1282 ιι.
530 1230 563 1282 16
591 1247 645 1283 cum
670 1231 798 1296 scripturo
821 1230 878 1283 erdo
904 1225 970 1296 παρ’
994 1223 1061 1298 ἡμῖν
1086 1227 1261 1300 uooyode'ooc
1283 1295 1285 1298 y

150 1299 207 1358 coil.
228 1316 250 1353 e.
268 1297 302 1352 29
320 1293 356 1351 τοὶ
372 1294 439 1352 καθ’
458 1294 539 1365 ἡμᾶς.
563 1328 597 1338 -
632 1299 661 1351 P.
679 1298 739 1351 273.
756 1314 782 1351 ιι.
799 1297 852 1351 22:
874 1299 993 1352 Formam
1012 1298 1163 1367 Βηρωσσόσ
1181 1316 1257 1368 ogre-

150 1368 206 1435 gius
225 1367 281 1420 cod.
302 1368 364 1420 Ven.
383 1383 422 1434 gr.
440 1367 491 1421 313
510 1383 587 1436 supro
605 1366 720 1421 laudatus
738 1381 778 1434 op.
798 1366 855 1420 rot.
873 1369 996 1433 agnoscit.
1015 1395 1049 1407 -
1080 1369 1111 1422 P.
1123 1367 1184 1422 281.
1203 1369 1257 1422 cd

148 1453 175 1505 p.
194 1440 278 1491 testor
294 1436 312 1489 1.
330 1437 430 1491 doctor.
451 1464 483 1475 -
518 1436 549 1489 Ρ.
568 1435 627 1489 617.
647 1452 672 1488 ιι.
689 1435 722 1489 71
741 1436 802 1490 totle
820 1440 940 1504 punctum
958 1441 1018 1504 post
1034 1438 1107 1508 prior
1126 1437 1213 1506 „est“.
