2836 4852
458 274 515 336 An
539 274 784 338 henoticon
804 272 881 337 Lm.
902 272 955 337 lll.
1199 272 1264 340 243

154 448 326 525 praecepto
348 448 595 522 perseverantes
615 449 646 507 in
669 449 797 526 templo,
823 447 962 508 morbum
985 462 1106 508 omnem
1128 464 1264 509 curave·

154 559 232 633 rint,
254 557 299 614 ita
321 559 355 615 ut
379 557 412 615 et
433 557 580 632 leprosos
603 561 636 616 et
657 574 778 617 omnem
801 558 951 617 maculam
970 559 1128 617 sanarent.
1171 558 1264 618 Tem-

154 669 240 744 plum
267 666 444 726 aedihoavit
474 666 601 726 Salomo
620 685 689 727 rex
718 668 863 727 Iudaeae.
908 667 997 736 Quod
1025 668 1128 726 autem
1158 667 1265 727 hlane-

154 776 228 835 thos
251 776 334 835 circa
356 778 498 852 tempora
522 777 651 836 aberret
673 777 834 854 exipsius
860 777 951 836 dictis
974 774 1170 835 manifestum
1193 777 1263 851 est,

156 886 213 945 sed
237 887 269 943 et
291 886 373 943 circa
397 901 503 960 regem
529 885 581 960 qui
605 902 660 946 eos
682 887 821 963 expulit,
844 884 1039 944 Pharaonem
1059 885 1195 944 nomine.
1234 883 1265 943 [ε

154 996 235 1073 enim
258 1010 319 1053 non
342 996 403 1053 iam
426 995 562 1071 amplius
583 995 751 1072 Aegyptiis
773 995 943 1071 imperavit
951 1011 959 1068 ;
989 1009 1058 1053 nam
1088 1009 1180 1068 quum
1200 991 1266 1052 lle·

155 1105 270 1163 hraeos
293 1106 557 1180 persequeretur,
588 1121 655 1164 com
681 1105 823 1164 exercitu
853 1076 1036 1164 submersus
1059 1104 1110 1161 est
1133 1103 1165 1160 in
1187 1101 1266 1162 mari

154 1214 262 1273 rubro.
307 1213 403 1272 Immo
433 1213 526 1272 etiam
557 1230 635 1289 qnos
657 1215 701 1272 ait
721 1217 871 1292 pastores
893 1214 1010 1274 bellum
1034 1213 1174 1289 gessisse
1198 1227 1266 1271 cnm

155 1323 324 1399 Aegyptiis
347 1325 510 1398 mentitur3
541 1339 611 1381 nam
632 1325 756 1400 egressi
784 1324 857 1383 sunt
879 1340 920 1382 ex
942 1322 1091 1400 Aegypto
1121 1322 1153 1380 ct
1175 1321 1266 1380 inco·

154 1433 281 1492 luerunt
304 1428 475 1506 regionem,
499 1448 579 1505 queo
603 1447 704 1490 exeo
728 1434 872 1508 tempore
893 1430 1009 1490 iudaea
1031 1431 1153 1507 dicitur,
1177 1430 1266 1490 annis

115 1602 117 1607 ,
157 1545 323 1616 antequam
346 1538 415 1615 ipse
438 1539 565 1599 Danaus
588 1539 694 1614 Argos
718 1541 841 1599 veniret
867 1540 1019 1599 trecentis
1050 1541 1082 1598 et
1105 1540 1266 1599 tredecim.

155 1648 246 1710 llnnc
271 1652 373 1709 autem
398 1649 538 1708 'caeteris
565 1648 772 1723 antiquiorem
796 1651 879 1726 apud
901 1648 1039 1710 Graecos
1064 1666 1082 1708 a
1104 1645 1266 1726 plerisque

156 1760 330 1819 existimari
357 1758 553 1818 manifestum
584 1759 643 1816 est.
687 1757 796 1833 ltaque
819 1758 985 1818 Manethos
1015 1759 1076 1817 dno
1099 1758 1189 1817 uobis
1210 1774 1266 1816 oa·

155 1870 223 1947 pita
255 1869 401 1955 veritatis
431 1868 548 1927 invitus
578 1867 755 1926 declaravit
788 1868 819 1926 in
854 1869 982 1944 scriptis
1013 1868 1095 1927 suis:
1133 1868 1266 1944 primum

156 1979 279 2054 quidem
301 1978 384 2053 qnod
407 1993 463 2036 eos
483 1979 632 2054 pastores
654 1975 753 2035 fuisse
773 1976 938 2037 confessus
961 1978 1020 2053 est,
1044 1976 1158 2035 deinde
1181 1975 1266 2052 quod

156 2104 305 2166 egressos
328 2103 437 2146 essee
456 2089 543 2146 terra
558 2085 699 2164 Aegypti
721 2085 818 2146 dixit:
841 2087 921 2147 adeo
943 2087 978 2147 ut
994 2085 1104 2146 velex
1120 2084 1169 2145 his
1184 2087 1266 2144 tem-

156 2316 264 2370 Rellner
294 2317 333 2368 De
362 2317 478 2381 fruqmm.
507 2316 619 2368 Maneth.
650 2329 690 2380 ap.
727 2309 865 2383 ἄληθελας
894 2315 989 2380 sylluba
1018 2310 1053 2376 ἇς
1080 2317 1188 2384 repetita
1216 2318 1265 2381 est,

156 2403 207 2454 los.
227 2418 248 2454 c.
266 2401 316 2468 Ap.
329 2401 350 2452 l.
371 2400 402 2453 11
418 2404 444 2452 et
459 2399 501 2464 16,
519 2398 599 2451 utero.
615 2397 692 2460 1853,
728 2402 800 2453 cuius
817 2399 873 2452 loco
892 2401 919 2452 in
934 2400 1009 2453 Bodl.
1025 2395 1064 2463 ὥς
1078 2403 1198 2469 positum.
1226 2402 1266 2454 lta

155 2504 182 2556 p.
206 2487 240 2540 53
258 2501 316 2553 sq:
350 2486 494 2552 „losephus
522 2499 535 2535 o
562 2484 692 2534 nonnullis
727 2498 828 2551 quoque
854 2483 936 2560 esen,
964 2485 1001 2550 (is
1025 2485 1175 2550 μαεαίθωε
1199 2486 1265 2538 scri·

158 2573 204 2639 (cl.
224 2572 252 2624 c.
270 2571 364 2623 ltldller
381 2571 508 2636 Fungmm.
527 2569 585 2620 hist
605 2583 643 2634 gr.
658 2569 692 2620 ll.
726 2570 792 2639 psit)
821 2572 847 2621 et
876 2569 967 2637 reliqui
997 2568 1128 2630 editores,
1161 2571 1266 2635 praeter

157 2673 183 2724 p.
200 2655 261 2710 514.
277 2655 340 2721 574)
369 2670 397 2707 ec
414 2656 436 2706 sl
455 2669 506 2705 non
523 2657 594 2705 recto
613 2668 692 2705 annos
728 2654 803 2705 wall.
822 2654 864 2720 qul
884 2668 917 2704 ex
935 2653 996 2708 Par.
1017 2653 1096 2704 edidit
1113 2654 1167 2706 sic:
1195 2649 1265 2707 ὥστε

154 2756 244 2808 regum
263 2738 477 2793 consummaverit
494 2741 625 2789 accusatus
644 2741 692 2801 est,
727 2735 778 2793 τὸν
804 2735 970 2791 Macerones
998 2739 1164 2806 (μαναλθωε
1189 2739 1263 2807 Par.)

156 2841 232 2895 quum
258 2838 380 2878 numerus
405 2837 482 2875 serus
507 2823 541 2874 sit
559 2821 611 2874 333
634 2820 692 2888 (ro·
728 2820 782 2879 δύο
802 2822 899 2888 τάξεις
921 2815 1029 2879 duosve
1052 2824 1102 2893 τῆς
1127 2820 1264 2892 ἀληθείας

154 2910 273 2975 nundus),
293 2908 394 2975 losephi
412 2912 494 2959 aulem
514 2906 573 2958 393.
600 2907 636 2959 At
653 2906 692 2958 lc·
727 2909 932 2978 δεδηλωκέναι,
951 2902 985 2971 ἃς
1002 2904 1088 2971 adroic
1104 2905 1262 2978 μεμήνυκεν

154 2998 225 3062 gitur
250 2992 301 3045 333
327 2993 399 3044 annis
427 2996 485 3044 anto
508 2992 623 3044 Danaum
650 2993 692 3044 vel
726 2991 800 3066 ἡμῖν.
829 2997 954 3067 losephus
968 2996 1059 3048 itidem
1077 2996 1125 3048 due
1145 2997 1261 3049 veritath

153 3079 285 3144 Armaim,
311 3079 415 3129 fratrem
435 3077 509 3129 sethi
532 3078 692 3144 migrantem.
727 3084 807 3154 capita
834 3097 848 3134 a
872 3081 1026 3134 Μεῃειιεοῃε
1051 3085 1175 3133 memorat
1200 3094 1262 3133 con-

152 3165 230 3218 ·Selhi
256 3167 340 3215 entem
366 3177 446 3215 annos
471 3164 595 3230 Iosephus
621 3177 691 3215 com·
725 3165 840 3220 firmate:
864 3180 971 3234 quornm
990 3171 1075 3219 tamen
1098 3166 1170 3234 prins
1188 3166 1263 3218 aliter

152 3249 269 3319 potavit,
301 3263 451 3316 quamquem
482 3264 534 3301 non
565 3250 690 3317 apposuit.
726 3253 862 3322 exprimil3
881 3252 913 3304 ci.
931 3268 957 3304 n.
974 3252 1015 3304 15.

154 3335 264 3402 Reperis
283 3336 366 3384 aulem
384 3333 454 3384 illum
477 3331 541 3401 (τὸν
558 3333 606 3386 καλ
623 3328 691 3387 Ῥα-
794 3338 836 3390 15.
861 3329 929 3390 ὥστε
947 3335 1017 3404 κτλ]
1045 3331 1262 3403 Ἀναγραφαλ

154 3420 272 3487 pecoris)
298 3416 363 3485 opud
387 3418 534 3469 Africanum
559 3419 586 3469 in
611 3418 690 3484 dyna-
725 3439 763 3491 ap.
782 3423 884 3490 loseph.
906 3421 956 3490 [cc.
975 3421 1008 3475 14
1026 3420 1112 3488 et1li]
1133 3435 1183 3473 non
1202 3426 1263 3474 sont

154 3507 203 3557 sua
217 3502 505 3567 undevicesimaregem
520 3507 636 3569 quartum
651 3497 691 3568 (δ’
725 3508 887 3560 hlanethonis
913 3507 1024 3577 scriptu,
1049 3505 1094 3558 sed
1118 3519 1205 3560 sacrae
1228 3507 1261 3560 ll-

153 3584 307 3656 Ῥᾱμεσσῆς
322 3585 368 3654 l'rq
382 3585 429 3654 g').
449 3587 518 3653 Ergo
537 3587 691 3656 333†oe=
725 3597 796 3645 terne
814 3591 1009 3660 Aegyptiorum,
1032 3590 1122 3655 quibus
1141 3605 1214 3643 nsum
1232 3606 1261 3645 sa

153 3673 205 3728 333
224 3673 376 3725 annornm.“
726 3691 783 3729 esse
802 3675 940 3728 Manethon
958 3675 1127 3725 asseverabat.
1145 3702 1180 3713 -
1209 3677 1261 3729 mt-

224 3758 265 3812 13.
278 3752 355 3825 Ὅτι]
370 3757 433 3809 Ven.
450 3762 475 3808 et
487 3758 562 3823 Par.;
580 3761 606 3810 st
617 3757 691 3810 Bodl.
725 3776 781 3812 rum
807 3762 833 3812 in
858 3757 958 3811 modum
984 3757 1086 3811 oberret
1102 3760 1260 3830 temporibus

153 3847 181 3898 et
197 3844 278 3897 Goon.
298 3841 347 3896 ἔτι.
384 3842 464 3894 Geso.
489 3845 515 3893 in
541 3858 622 3909 marg.
643 3857 691 3895 no·
726 3845 889 3913 Theophilus,
908 3857 963 3894 unm
982 3842 1154 3896 israelitarum
1172 3846 1259 3912 prote-

152 3930 217 3982 lavit
233 3921 328 3996 ,,ὅτε.“
354 3928 393 3980 cf.
412 3925 456 3978 lib.
470 3926 506 3977 ll.
525 3941 547 3978 c.
561 3926 586 3979 3.
607 3942 632 3978 n.
648 3927 690 3980 13.
725 3931 833 3982 ctionem
860 3928 929 3981 mille
955 3929 1028 3980 annis
1053 3930 1111 3981 ento
1135 3927 1259 3981 excidium

224 4014 264 4067 14.
275 4007 363 4066 “orn
382 4006 577 4072 ndvurdoie
594 4007 648 4066 hdo
663 4030 689 4065 τ.
723 4016 859 4068 Troianum
881 4015 995 4073 collocat.
1021 4015 1114 4067 Melius
1129 4014 1259 4079 lolianus,

153 4091 232 4155 dame
249 4117 274 4153 s.
294 4095 338 4152 ἀλ.
362 4094 520 4165 μεμήνυκεν
542 4091 621 4166 doio]
650 4099 690 4150 lte‘
724 4101 842 4153 clemens
867 4103 893 4153 et
910 4099 1037 4153 Eusebius
1064 4097 1138 4150 annis

152 4186 217 4240 Ver.
234 4184 356 4252 etBodl,
374 4184 424 4238 nist
444 4182 510 4252 quod
528 4183 556 4236 in
572 4183 616 4238 illo
630 4176 689 4253 post
723 4185 926 4254 quadringentis.
952 4182 1094 4251 theophilo
1111 4094 1258 4243 aas&

984 4275 1051 4340 16·
