2836 4852
153 272 216 343 610
282 290 286 299 ’
459 278 677 343 'lllEOPlilLl
698 275 946 343 subletum
967 278 970 283 ’

152 449 331 532 Impositum
355 451 487 513 iumento
506 452 658 533 perduxit
679 452 723 513 od
745 451 911 515 stabulum:
941 449 973 509 id
994 449 1044 508 est
1064 442 1258 527 assumptum

152 561 306 621 bominem
326 561 368 621 ad
390 563 556 623 ecelesiam
578 563 685 642 duxitq
713 580 784 622 nam
812 560 979 622 stabularii
1006 555 1148 638 episcopi
1169 562 1254 619 sunt.

152 671 242 741 Quod
270 672 373 732 autem
396 671 475 731 dixit
497 671 659 733 Revertens
679 670 809 732 roddens
838 671 895 732 tibi
922 672 954 730 in
983 669 1090 729 futuro
1118 670 1257 730 adventu

151 783 327 842 mercedem
347 782 519 843 medicinae
541 799 579 843 ao
596 783 840 860 praedieatiunis
861 796 938 842 suae
960 780 1103 840 daturum
1125 795 1161 839 so
1180 779 1256 856 pol·

151 891 266 952 linatur
289 892 457 969 episeopis.

239 995 418 1061 ¹²Homim's
447 1000 603 1062 cuiusdam
633 1000 738 1063 diuitis
762 1001 865 1063 meses
885 1003 1009 1080 fruetus
1027 1000 1181 1078 possessio
1203 1006 1254 1060 ot-

152 1107 234 1170 ruiis.
264 1107 470 1171 Luxuriosurn
487 1093 641 1171 bominem
655 1113 810 1189 signifieat
829 1111 955 1190 plenum
969 1111 1117 1187 peccatis.
1148 1109 1255 1186 Quem,

151 1219 326 1297 cupientem
346 1221 479 1298 amplius
502 1221 685 1298 delinquere
705 1239 765 1299 per
785 1220 954 1282 illecebras
973 1219 1130 1296 vitiorum,
1152 1219 1255 1279 domi-

150 1307 210 1389 nus
231 1329 403 1406 alloquitur
427 1331 533 1392 disens
557 1329 672 1401 Stulte,
693 1330 752 1392 irae
773 1337 876 1407 noete,
898 1330 1021 1390 scilieet
1042 1331 1159 1405 quanto
1181 1329 1255 1406 plus

150 1454 266 1518 peenas
297 1442 330 1500 et
351 1442 454 1500 latere
476 1442 510 1500 te
532 1441 698 1515 aestimas,
728 1442 828 1501 anime
851 1447 904 1501 tuo
927 1459 946 1499 a
968 1445 998 1499 te
1018 1440 1192 1516 auferetur,
1222 1440 1255 1499 id

148 1549 202 1608 'est
223 1551 325 1610 earnis
346 1551 408 1610 erit
423 1551 510 1609 suein
526 1567 588 1626 qua
603 1552 782 1611 stimulante
796 1552 927 1628 poetata
941 1549 1071 1608 moliris.
1112 1543 1253 1628 ¹³19nem

150 1659 220 1719 versi
238 1660 357 1720 mittere
377 1661 411 1720 in
433 1666 561 1720 torem:
591 1662 624 1721 id
652 1664 702 1721 est
731 1660 874 1739 spiritum
903 1660 1043 1719 sanetum
1073 1659 1253 1720 carnalibus

151 1763 236 1828 dare.
282 1765 420 1831 “Erunt
448 1771 577 1851 quinque
605 1772 638 1831 in
666 1770 759 1830 domo
787 1788 847 1858 ono
877 1767 984 1837 diuisi,
1013 1777 1074 1828 tres
1091 1771 1115 1827 ἀ
1137 1767 1254 1830 duobus

151 1885 181 1940 st
204 1872 308 1941 duo'u
331 1881 433 1941 tribus.
483 1880 614 1940 Matrem
640 1881 763 1957 patrem
791 1879 887 1940 filium
914 1878 1009 1938 liliam
1039 1895 1165 1957 nurum,
1194 1879 1253 1940 bos

150 1989 286 2064 quinque
306 1991 486 2067 persecutio
508 1988 687 2066 separabit,
716 1991 787 2049 dum
807 1989 861 2049 alii
884 1987 1009 2056 Christo
1030 1988 1085 2070 alii
1105 1989 1252 2049 uniuntur

150 2098 270 2158 seculo.
314 2097 379 2158 Nee
400 2116 461 2159 nen
482 2117 550 2160 eum
571 2101 695 2160 venerit
715 2099 915 2158 autiebristus
938 2099 1038 2178 legem
1061 2100 1180 2158 veteris
1200 2100 1251 2158 te·

149 2207 296 2267 stamenti
324 2209 472 2287 scriptam
493 2210 524 2268 in
543 2210 665 2269 duabus
686 2210 802 2270 tabulis
824 2209 1036 2287 praedicabit,
1064 2207 1173 2268 llelias
1195 2225 1252 2269 au-

149 2318 212 2377 tem
234 2320 357 2395 patrem
381 2323 413 2380 et
435 2320 531 2380 lilium
553 2322 585 2379 et
607 2320 750 2397 spiritum
771 2321 908 2380 sanetum
930 2319 1134 2379 annuntiabit.
1168 2321 1253 2380 'luno

148 2428 250 2489 saneti
272 2429 447 2491 eonfessuri
467 2431 540 2491 sunt
560 2430 747 2507 trinitatem,
770 2430 856 2507 impii
876 2445 954 2490 vero
976 2423 1093 2489 diaboli
1115 2444 1251 2505 sequen·
1327 2462 1334 2483 ·.

148 2538 201 2600 tur
224 2539 405 2600 doetrinam.
447 2539 495 2600 lta
523 2539 703 2601 dividuntur
730 2541 791 2601 duo
812 2557 831 2599 a
851 2540 953 2600 tribus
981 2540 1014 2599 et
1039 2542 1107 2598 tres
1128 2555 1148 2598 a
1169 2539 1249 2598 duo·

148 2648 219 2710 bus.
263 2644 345 2712 ¹⁸Et
365 2651 485 2712 inimici
503 2649 633 2711 dominis
662 2649 824 2717 domestici
843 2651 915 2710 eius.
958 2648 1077 2709 Inimiei
1105 2649 1251 2709 veritatis

150 2761 242 2820 erunt
270 2760 363 2820 etiam
397 2761 559 2821 domestiei
589 2760 741 2841 bominis,
772 2756 840 2821 euru
868 2760 922 2819 vel
951 2761 1045 2837 pater
1073 2759 1168 2818 filium
1194 2758 1252 2817 vel

148 2866 232 2929 illius
260 2871 383 2947 patrem
413 2871 575 2932 doetrinae
604 2870 778 2931 diabolicae
806 2864 982 2931 eonsentire
1007 2869 1104 2930 fuerit
1132 2868 1253 2928 adber-

149 2979 250 3058 tatus,
283 2980 389 3040 disens
423 2979 526 3058 „Cave
556 2996 596 3039 ne
622 2981 791 3058 occidaris,
825 2981 1003 3041 consentias
1031 2980 1061 3038 ei
1088 2979 1142 3055 qui
1171 2979 1252 3040 dixit

149 3083 319 3169 ¹⁶„„llaee
340 3091 442 3151 omnia
461 3107 530 3151 mea
551 3093 622 3150 sunt
643 3092 676 3151 et
696 3092 745 3152 eui
766 3091 842 3150 volo
866 3090 906 3150 do
928 3073 1041 3151 illa.““

237 3194 267 3235 ¹⁷
279 3201 354 3270 Quis
375 3219 415 3259 ese
438 3198 521 3260 uobis
541 3198 645 3261 uolens
674 3207 784 3261 domem
812 3198 982 3279 aedificare
1007 3218 1069 3259 aon
1093 3200 1184 3279 prisea
1203 3217 1251 3259 so-

151 3307 226 3369 desse
246 3315 404 3388 computat
425 3316 573 3388 sumptus,
604 3310 631 3369 si
651 3307 741 3370 babet
769 3328 845 3393 quoe
866 3329 943 3390 opus
963 3309 1053 3369 santi
1093 3307 1157 3368 Per
1180 3311 1252 3368 tur-

150 3418 476 3479 remvitamnostram
497 3419 665 3501 signifieat,
687 3419 760 3496 quia
780 3436 850 3480 eam
872 3437 913 3481 ex
935 3419 1076 3479 omuibus
1095 3419 1252 3479 mandatis

150 3523 269 3589 obnisu
290 3529 439 3590 debemus
460 3529 627 3591 aedificare
646 3531 679 3591 et
699 3529 791 3590 trabe
810 3530 912 3591 urueis
928 3528 1045 3590 Christi
1063 3522 1252 3604 ¹oonsignare

150 3639 258 3716 operis
285 3641 390 3718 eoepti
411 3639 517 3717 linem,
545 3639 578 3701 id
607 3640 658 3699 est
684 3642 952 3718 perseverantiam
980 3641 1070 3717 fidei,
1096 3654 1136 3697 ne
1164 3639 1252 3700 sorte

152 3745 248 3826 aliqui
277 3749 491 3828 imperfectum
518 3766 597 3828 opus
626 3753 767 3813 nostrum
796 3751 971 3812 derideant.
1016 3744 1044 3785 ¹⁸
1056 3749 1160 3811 Homo
1181 3751 1251 3831 qai-

202 3967 246 4022 12.
264 3969 388 4024 Hominis
405 3970 468 4040 etc.]
495 3971 557 4025 Lus.
576 3970 624 4036 12,
650 3968 683 4023 16
766 3970 810 4025 16.
828 3971 865 4024 Et
882 3971 944 4041 eta]
962 3970 1052 4023 ldaltb.
1071 3969 1113 4037 1⁰,
1130 3966 1174 4024 36.

151 4054 228 4111 -se
767 4054 810 4111 16.
827 4057 898 4111 Hasd
973 4055 1029 4125 illa]
1048 4056 1110 4109 Lus.
1128 4055 1154 4121 i,
1173 4055 1199 4108 6.

203 4140 247 4195 13.
265 4141 357 4210 Iqoem
375 4140 437 4209 ete]
456 4139 519 4195 Lus.
539 4139 580 4207 12,
598 4139 640 4195 49.
766 4141 811 4197 17.
832 4142 897 4207 Quis
914 4141 974 4211 ele]
993 4141 1054 4194 Luc.
1072 4140 1114 4210 14,
1131 4140 1175 4193 28.

202 4227 245 4282 14.
262 4227 351 4283 limat
361 4225 424 4298 eis]
438 4227 502 4282 Lus.
514 4224 557 4293 12,
569 4225 680 4282 62-63.
767 4227 809 4282 18.
827 4226 911 4282 Homo
922 4225 983 4294 alu]
1002 4227 1064 4282 Lus.
1078 4226 1120 4293 14,
1136 4225 1249 4283 16-24.
