2836 4852
364 307 374 314 -
436 267 494 328 Ad)
516 267 761 329 annoticum
781 267 904 333 mm
1188 267 1231 334 2³

208 439 237 495 7.
259 436 315 499 iiio
334 453 421 498 meus
442 439 520 498 deos
542 441 592 498 est
615 439 832 499 universorum
853 439 1011 514 domiuus,
1034 441 1087 514 qni
1106 441 1229 502 eoelum

121 546 263 606 extendit
285 546 372 607 solos
400 549 433 606 et
455 547 566 607 statuit
595 546 682 607 orbis
705 551 812 607 terrae
833 548 1046 624 latitudinem,
1075 550 1128 625 qui
1149 566 1228 611 ooo·

121 654 227 714 turbat
244 636 434 732 *protundum
458 657 553 716 maris
576 660 737 717 etsonnm
759 657 903 717 fluctuum
928 658 995 717 eius
1019 659 1152 730 excitat,
1174 661 1228 736 qni

120 761 295 826 dominatur
326 765 479 842 potestati
512 767 581 826 eius
615 768 647 824 et
679 768 792 826 motam
825 767 970 825 fluctuum
1000 768 1138 844 mitigat,
1174 769 1227 844 qui

119 870 264 933 fundarit
295 874 411 932 terram
442 889 539 950 super
571 891 669 950 aquae
702 875 744 935 σί
763 875 907 952 spiritum
939 891 1007 934 eam
1039 877 1226 936 nutrientem

118 981 270 1059 largitor:
293 983 379 1042 euius
401 980 517 1043 halitus
538 984 677 1044 vivificat
694 985 754 1044 hoo
776 984 966 1058 universnm,
987 1000 1077 1057 qoem
1100 984 1128 1042 si
1142 984 1227 1060 apud

119 1105 155 1149 oe
183 1091 320 1150 retineat
347 1091 471 1161 deficiet
501 1089 557 1153 hoo
586 1094 772 1153 universum.
824 1092 911 1153 Hune
937 1093 1094 1168 loqueris,
1121 1092 1226 1168 homo,

118 1197 212 1259 huius
232 1200 374 1276 spiritum
397 1201 501 1259 dunis:
532 1201 613 1262 huno
635 1203 772 1279 ignoras.
818 1201 884 1262 Ηοο
906 1203 1008 1262 antem
1032 1199 1088 1259 tibi
1112 1201 1226 1261 aoeidit

118 1306 160 1366 ob
180 1309 300 1367 animae
329 1309 511 1369 eaecitatem
540 1313 573 1370 et
601 1313 707 1370 eordis
734 1311 856 1371 uallum.
901 1311 964 1370 Sed
987 1311 1014 1368 si
1036 1311 1104 1384 vis,
1131 1313 1226 1386 potos

116 1417 240 1475 sanam:
263 1418 303 1476 da
325 1421 357 1476 to
379 1419 518 1495 medioo,
539 1424 572 1479 et
593 1423 712 1496 panget
731 1423 803 1480 tuos
826 1420 946 1479 animae
966 1423 998 1477 et
1020 1415 1125 1477 eordis
1148 1434 1225 1478 oon·

115 1525 180 1585 los.
225 1525 300 1593 Quis
329 1527 379 1583 est
405 1525 468 1584 iste
496 1528 659 1587 medieas?
703 1528 788 1587 Deos
818 1529 871 1603 qui
901 1543 959 1602 per
989 1526 1085 1602 logon
1114 1528 1146 1583 et
1170 1542 1225 1584 sa·

116 1633 266 1709 pientiam
289 1636 381 1692 sanet
409 1636 441 1692 et
470 1635 617 1695 viviticat.
659 1635 744 1695 Dens
774 1652 832 1712 per
854 1636 949 1711 logon
979 1638 1011 1693 et
1041 1634 1225 1710 sapientiam

117 1740 258 1801 eondidit
280 1743 444 1816 universa5
470 1759 539 1802 nam
562 1741 636 1823 lopo
657 1746 719 1803 eius
740 1744 858 1822 firmati
879 1742 957 1803 coeli
979 1750 1009 1803 et
1026 1743 1142 1821 spirita
1164 1742 1226 1801 einr

119 1850 216 1910 emnia
246 1851 400 1911 samnitas
428 1871 540 1912 emam.
583 1851 858 1915 Praestantissima
888 1855 939 1911 est
960 1851 1116 1928 sapientia
1141 1850 1226 1924 eius;

120 1957 194 2019 deon
212 1960 367 2038 sapientiai
389 1966 501 2019 terrum
521 1959 681 2038 fundauit,
705 1958 806 2020 aneton
825 1961 1027 2039 praeparavit
1046 1957 1227 2037 prudentio,

120 2070 153 2128 in
178 2086 264 2130 rento
293 2067 429 2148 disrupti
457 2077 526 2128 suot
552 2068 668 2151 abyssi,
696 2068 785 2130 nudes
809 2068 981 2152 effoderant
1003 2085 1096 2127 rores.
1141 2065 1226 2125 Haeo

119 2179 148 2239 si
170 2178 339 2256 intelligis,
370 2176 481 2254 homo,
512 2194 590 2254 pore
619 2181 651 2237 et
680 2180 788 2238 eanete
817 2181 849 2237 et
872 2175 953 2237 iuste
978 2176 1103 2252 vivens,
1134 2176 1226 2252 potes

121 2501 159 2552 τφ
187 2483 313 2549 (marana
338 2482 431 2547 ‚maios
454 2481 547 2550 spiritu
564 2482 655 2547 loque·
759 2481 784 2532 0.
811 2477 843 2534 'O
859 2475 929 2540 dade
1010 2480 1036 2530 δ.
1055 2497 1078 2530 τ.
1097 2472 1184 2544 λόγου
1201 2494 1227 2528 τ,

120 2564 192 2634 ria“)
212 2564 347 2633 tegendum
365 2569 413 2617 est.
442 2564 529 2632 „Apte
549 2563 656 2616 addere·
692 2567 742 2633 τῆς
760 2566 864 2631 σοφίας
881 2563 951 2630 ari-J
976 2563 1025 2615 Est
1043 2563 1083 2613 iiic
1102 2563 1191 2626 σοφία
1208 2563 1226 2613 i.

119 2657 164 2704 tor
180 2649 306 2704 κοίτοιο
330 2649 434 2702 τοῦτον
451 2643 598 2716 niproaie“‚
623 2661 657 2699 ex
692 2666 717 2717 q.
742 2637 848 2716 spiritus
874 2651 986 2700 sanctos.
1021 2646 1075 2698 Neo
1102 2650 1227 2696 σιτίσαι

120 2736 221 2789 Maroni
237 2734 373 2786 sententia.
410 2734 565 2785 ilos-anna
587 2729 658 2797 „ond
692 2733 886 2800 Hagenbeahios
913 2728 1009 2783 Latini.
1037 2731 1063 2781 d.
1091 2729 1228 2795 Dopmna·

121 2820 155 2872 dn
179 2821 291 2873 innaret
313 2819 357 2871 ian
384 2816 448 2870 doeh
472 2817 568 2870 nieht.“
605 2813 657 2868 Sed
691 2820 780 2886 percio.
799 2818 828 2870 P.
844 2820 864 2870 1.
887 2817 927 2868 od.
941 2815 966 2867 2.
984 2829 1008 2882 p.
1021 2811 1071 2866 100
1088 2812 1232 2866 dubitaret

122 2904 190 2957 nulla
207 2905 295 2957 subeat
319 2904 396 2955 istius
413 2901 547 2954 additionis
565 2914 656 2952 neces·
692 2905 730 2957 ct.
755 2903 798 2955 lib.
815 2903 848 2954 ΙΙ.
875 2899 952 2954 ο10.
977 2915 1003 2952 ιι.
1020 2898 1044 2951 6.
1061 2897 1077 2951 0
1097 2903 1123 2954 ei
1147 2913 1169 2950 o.
1185 2899 1226 2953 10.

122 2989 195 3042 sitas·
691 3005 716 3041 n.
732 2986 773 3041 10.
797 2986 837 3040 Ad
850 2985 912 3038 iliud
924 2986 976 3053 τῆς
988 2983 1093 3051 σοφίας
1104 2984 1132 3034 in
1145 2997 1226 3050 marg.

127 3131 131 3138 ,
187 3072 217 3126 8.
234 3071 378 3140 πόρωσιν]
398 3070 443 3124 Sio
460 3085 518 3124 tom
536 3067 612 3121 Wolf·
631 3071 657 3120 tt
691 3072 766 3126 Bodl.
785 3089 798 3125 a
819 3086 894 3124 manu
916 3071 1054 3124 recentiori
1072 3063 1163 3122 oritoni
1181 3067 1227 3120 ad-

122 3159 247 3227 Homphr.
278 3158 387 3224 seripsi3
420 3156 485 3210 Mar.
514 3154 656 3222 nonduin.
691 3159 767 3212 ditur.
1037 3208 1040 3213 ,

123 3243 226 3299 coemi
252 3236 389 3310 πήρωσιν.
431 3241 515 3294 Etiam
542 3241 603 3293 Ven.
631 3241 657 3291 et
758 3242 800 3295 10.
826 3243 864 3312 τῷ
944 3236 1050 3308 αὐτῶν]
1071 3239 1115 3291 Ps.
1132 3238 1182 3305 32,
1200 3236 1225 3292 6.

121 3324 355 3395 Βσᾶί.,πήσωσισ,
375 3324 420 3378 sod
440 3327 466 3377 in
485 3323 559 3399 Bodi.
579 3337 657 3390 supro
693 3329 774 3381 Verba
805 3328 883 3381 πᾶσα
913 3321 933 3395 ἤ
968 3323 1086 3390 δύναμις
1119 3318 1223 3378 αὐτῶν.
1331 3373 1334 3379 ,

122 3408 268 3482 sipontinus
287 3415 328 3465 est
346 3429 378 3463 ο.
407 3410 454 3463 lile
471 3408 579 3462 termula
596 3426 657 3461 ιτα-
690 3413 834 3480 Κφατίστη
860 3408 935 3464 ἐστίν
960 3406 978 3478 ἡ
1005 3411 1094 3475 σοφία
1123 3402 1224 3470 αὐτοῦ,

122 3513 208 3565 ponte
231 3497 283 3566 τῆς
304 3497 440 3563 καρδίας,
466 3496 510 3548 lio.
528 3495 562 3547 11.
581 3508 603 3546 ο.
622 3493 656 3547 35
691 3514 704 3551 a
723 3497 785 3550 Ven.
804 3501 831 3549 et
848 3495 921 3548 Bodi.
945 3493 1119 3561 suppeditata,
1144 3493 1224 3545 Goon.

120 3583 230 3651 repetita
257 3583 314 3650 (ubi
334 3582 405 3636 codd.
430 3586 501 3634 reete
524 3575 656 3648 πώρωσιν
691 3585 753 3636 Dua.
777 3582 843 3635 Μοι.
869 3581 1107 3648 praetermiserunt.
1141 3578 1224 3631 Erro-

121 3669 247 3721 oderont:
274 3666 331 3720 vide
356 3682 381 3721 n.
399 3665 462 3731 16),
486 3667 513 3718 ia
539 3667 655 3719 versione
691 3682 744 3720 rem
763 3665 864 3732 peperit
888 3667 1006 3716 iteratum
1033 3658 1131 3716 αὐτοῦ.
1169 3663 1223 3715 Ma-

121 3752 180 3806 τοῖια
197 3750 220 3804 n'
240 3756 267 3805 τί
284 3751 310 3805 in
329 3751 359 3804 N.
376 3752 405 3804 Τ.
417 3751 517 3819 passim
535 3752 655 3804 occurrit.
690 3768 768 3805 renus
785 3747 860 3805 ἐστίν
877 3754 938 3821 post
952 3749 1085 3814 κρατίστη
1103 3747 1223 3799 mendane

121 3837 161 3890 01.
178 3837 275 3905 Ephes.
291 3835 323 3898 d,
342 3835 391 3888 18:
415 3831 602 3901 ἐσκοτωμένοι
622 3836 655 3904 τῇ
690 3838 789 3904 omisit3
809 3837 907 3907 pariter
926 3834 1050 3900 Homptnr.
1164 3871 1165 3876 1

122 3923 237 3994 διανοίᾳ
269 3917 364 3987 ὄντες,
399 3917 655 3988 οὶιιηίίοτοιομέαστ
757 3921 799 3974 11.
815 3916 921 3980 >tome
994 3913 1126 3988 δοόσοοα]
1146 3915 1223 3967 Prov-

120 4009 171 4076 τῆς
188 4008 262 4076 toria
284 4010 336 4062 τοῦ
362 4008 452 4070 θεοῦ,
478 4003 528 4059 deni
551 4000 603 4073 τήν
622 3999 654 4058 ἄ·
689 4007 718 4073 3,
736 4004 858 4059 iit—2⁰.
890 4006 952 4056 Ven.
971 4004 1021 4070 τῆς
1039 4000 1160 4067 σοφίας,
1176 3995 1223 4050 sed

119 4112 220 4162 γτσιστ
246 4089 298 4164 τήν
315 4081 403 4148 οὖσαν
421 4088 450 4146 ἔα
469 4086 581 4158 αὐτοῖς,
606 4087 655 4144 διὰ
689 4094 819 4144 corrector
836 4095 971 4158 utrumque
991 4107 1005 4150 a
1022 4087 1108 4150 erasit,
1127 4083 1162 4152 τῇ
1175 4096 1222 4136 σσ-

121 4179 175 4249 triv
191 4176 323 4248 πόρσιστα
340 4178 392 4248 τῆς
408 4177 528 4244 rapotae
550 4173 653 4231 αὐτῶν.
689 4176 744 4248 piot
760 4180 790 4228 ot
806 4177 914 4244 leantur.
975 4240 978 4247 Ι
