2836 4852
464 292 522 354 an
549 252 965 358 concernentium.
1209 295 1275 365 ιιι

246 467 295 524 tii.
324 465 408 525 Volo
431 469 534 527 autem
564 465 621 527 tibi
652 470 685 526 et
715 485 752 527 ea
776 483 856 544 quae
879 468 1024 544 spectant
1046 471 1189 547 tempora
1212 471 1272 533 deo

159 575 253 633 dante
276 578 452 637 accuratius
475 579 700 654 demonstrare,
723 583 757 637 ut
776 578 937 654 intelligas
957 594 1015 636 nec
1035 581 1194 639 recentem
1214 596 1274 642 nec

159 683 335 743 fabulosam
361 702 432 744 esse
456 687 641 764 religionem
664 689 820 760 nostram,
848 684 905 746 sc'd
928 688 1135 762 antiquiorem
1157 692 1190 748 et
1212 707 1271 751 ve·

157 781 272 853 riorem
297 796 437 854 omnibus
460 798 565 872 poetis
596 813 632 855 ao
655 797 881 872 scriptoribus,
910 797 963 872 qui
985 797 1106 855 incerta
1127 797 1270 874 scripse-

157 907 241 963 runt.
284 904 348 962 Alii
373 906 469 981 enim,
500 923 591 980 quum
615 907 757 966 mundum
780 906 929 965 infectum
957 906 1115 982 dicerent,
1143 907 1175 967 io
1197 907 1270 966 inii-

156 1013 253 1071 nitum
275 1014 438 1090 abierunt,
461 1015 532 1092 alii,
556 1034 646 1092 quum
673 1015 787 1075 laetum
811 1019 1009 1093 assererent,
1034 1015 1093 1074 iam
1118 1032 1269 1076 annorum

158 1122 316 1199 myriades
340 1121 511 1198 quindecim
535 1123 565 1184 ei
590 1127 746 1185 termille
772 1129 804 1184 et
829 1127 1029 1202 septuaginta
1053 1125 1186 1201 quinque
1210 1141 1269 1185 an·

155 1248 213 1290 nos
234 1231 397 1291 effluxisse
420 1235 577 1295 dixerunt.
615 1235 720 1311 Atque
744 1237 822 1295 haec
845 1235 968 1310 quidem
992 1234 1182 1310 Apollonius
1200 1231 1269 1297 Ae·

154 1343 283 1418 gyptius
306 1343 417 1402 refert.
461 1344 554 1403 Plato
577 1349 698 1421 autem,
728 1346 779 1420 qui
802 1345 927 1402 videtur
950 1341 1087 1403 Graecos
1111 1338 1268 1419 sapientiai

154 1453 364 1526 excelluisse,
394 1456 525 1526 quantas
551 1454 579 1510 in
602 1471 701 1528 nugas
725 1452 903 1512 aberraviti
938 1451 1016 1510 Nam
1039 1452 1070 1510 in
1093 1452 1161 1510 eius
1183 1451 1267 1511 libro

156 1560 209 1633 qui
243 1558 307 1633 „lle
335 1561 518 1636 republica“
551 1562 732 1621 inscribitur
764 1563 883 1619 diserte
912 1561 1049 1636 positum
1076 1565 1142 1618 est:
1184 1560 1267 1630 Quo·

155 1666 250 1726 morlo
272 1669 366 1735 eninr,
397 1671 424 1728 si
445 1669 522 1728 hoec
544 1671 590 1728 ita
611 1671 693 1730 omni
713 1677 850 1748 tempore
870 1670 1048 1729 mansissent
1068 1677 1101 1727 ut
1124 1668 1218 1728 hodie
1237 1688 1268 1728 ια

155 1774 281 1845 habeor,
312 1778 383 1836 ιιοοί
405 1777 571 1859 periniquum
597 1778 767 1860 nliqeeomio
791 1779 920 1839 inveniri
938 1777 1111 1857 potuisset?
1154 1777 1267 1838 Decies

155 1885 276 1964 quidem
300 1885 410 1947 notities
432 1887 587 1969 myriades
609 1907 755 1948 annorum
786 1887 863 1948 doec
885 1879 1054 1948 hominibus
1075 1896 1148 1948 torm
1168 1887 1267 1948 αιίιιιι-

223 2079 247 2129 3.
267 2074 333 2149 ἤδη]
353 2081 419 2133 Feli
439 2076 503 2148 ἤδη.
724 2085 815 2135 κεῖται
835 2080 1025 2154 λέγοντος·
1054 2083 1128 2149 (Par.
1151 2097 1183 2135 ex
1201 2096 1262 2149 per-

223 2166 248 2216 4.
275 2161 496 2228 Ἀπολλώνιος
480 2187 495 2219 o
523 2163 688 2236 Αἰγύπτιος]
724 2181 797 2220 versa
817 2169 955 2221 mutatione
974 2167 1087 2235 λέγονῠ
1113 2167 1167 2235 εἴγε
1193 2164 1264 2235 μήν

153 2249 229 2300 Hunc
254 2265 312 2302 esse
339 2251 501 2319 Apollonium
529 2255 599 2304 illurn
627 2253 688 2305 Ale·
724 2246 792 2323 ιοὶδι
818 2246 894 2307 οοίιο
922 2253 998 2320 (lien.
1027 2245 1141 2318 ουτως).
1168 2249 1263 2306 πάντα

153 2320 304 2386 nandrinum
322 2339 454 2403 minorem,
473 2338 542 2388 errius
558 2341 641 2390 exstet
657 2337 688 2388 li·
724 2335 826 2404 χρόνον
847 2356 884 2399 ας
902 2338 954 2390 erin
972 2336 1178 2404 διακοσμιῒιαι.
1207 2336 1264 2404 Ego

153 2419 200 2470 ber
224 2418 291 2484 Περὶ
311 2417 537 2485 κατεψευσμένης
555 2420 690 2487 ἱστορίας,
725 2424 859 2492 depravata
871 2423 913 2474 illa
926 2424 1003 2475 verba
1015 2423 1161 2486 emendavi,
1179 2424 1265 2477 'ibeo-

154 2507 243 2557 statuit
268 2507 427 2557 lilenrsius'
420 2521 445 2556 ιιι
472 2507 635 2571 syntagmate
659 2507 689 2557 de
713 2507 811 2576 philus
838 2507 904 2558 enirn
931 2521 979 2573 pro
1006 2505 1137 2573 λέγοντος
1160 2509 1265 2573 scripsit

155 2589 312 2656 Apolloniis,
339 2590 404 2658 qued
433 2590 527 2654 legitor
554 2592 579 2641 in
606 2590 690 2642 Colle·
725 2592 786 2650 πῶς
808 2588 869 2656 γάρ
888 2584 941 2657 ἄν,
969 2595 995 2642 et
1019 2587 1097 2658 ἔμενε
1121 2604 1169 2658 pro
1195 2591 1261 2658 priv.

154 2674 237 2726 ctione
263 2680 393 2727 auctorum
418 2675 507 2726 histor.
533 2674 640 2726 mirabil.
665 2689 690 2740 p.
726 2677 792 2728 blale
811 2674 1205 2740 Fell.Woli.Mar.Hnmphr.:

155 2758 197 2812 67.
216 2759 349 2812 'Eiusdem
371 2761 526 2826 Theophilus
552 2761 616 2810 inira
638 2777 691 2811 ιιι-
725 2765 817 2814 ιιῖιαι
840 2757 969 2827 λέγοντος
995 2759 1085 2826 (Nolte
1103 2760 1189 2812 mallei
1207 2761 1263 2812 iru-

154 2845 226 2895 minit
250 2861 285 2895 ce.
306 2843 339 2895 26
367 2849 392 2896 et
417 2843 459 2896 29.
496 2845 535 2896 Ci.
561 2844 690 2912 Fragmm.
727 2849 779 2898 sire
807 2840 963 2912 eripientem
982 2844 1099 2911 λέγοιθ’
1125 2845 1187 2906 πῶς
1210 2841 1263 2914 peip

152 2929 244 2981 hister.
259 2944 342 2994 graec
358 2928 630 2983 ed.c.ll1uiler.iel
647 2932 690 2984 lv.
727 2950 762 2984 αν
777 2928 859 2998 ripe
859 2926 974 2998 μενετοὶ
987 2927 1018 2984 et
1037 2930 1125 2995 (Wolf.
1140 2932 1166 2981 et
1182 2930 1264 2984 llum

152 3031 179 3084 p
199 3013 259 3066 310
725 3018 781 3086 pho.
800 3013 882 3084 τάδε)
907 3011 982 3069 οὕτω
1005 3012 1056 3071 τόν
1080 3013 1176 3068 πάντα
1198 3013 1264 3083 χρό

222 3099 246 3151 5.
267 3095 439 3166 σοφώτερος]
464 3077 616 3166 Hrnnpbr.
610 3115 690 3167 tmpe-
725 3120 777 3155 von
795 3097 899 3164 ωςνῦν
916 3084 1145 3168 διακεκόσμηται,
1163 3102 1264 3154 uitul-

153 3185 203 3238 riie
224 3181 391 3249 σοφώτατος
409 3183 531 3236 obtrudit
726 3184 757 3255 g'o
778 3204 818 3258 ap.
838 3188 902 3240 Plat.
922 3186 1065 3240 exhibetur.

223 3269 248 3323 6.
274 3268 447 3336 Πολιιιίαις]
475 3269 541 3321 Feli.
567 3274 593 3321 et
616 3270 690 3322 well.
794 3274 819 3324 8.
840 3267 1018 3339 ἅνεαρίσιιτό
1036 3270 1118 3340 ποτε]
1143 3271 1218 3324 Bodl.
1237 3272 1263 3324 ci

155 3352 348 3422 zepherinus,
370 3354 547 3406 eontracodd.
569 3352 689 3406 nostorum
726 3360 784 3411 Par.
813 3355 993 3424 α’νευοίοιιιο
1018 3353 1112 3423 πότι.
1136 3357 1200 3408 Ven.
1227 3349 1266 3410 oie

155 3441 239 3494 tidem.
276 3442 372 3506 Nempe
400 3454 462 3506 quae
481 3430 621 3505 sequnntur
640 3454 690 3490 rnen
726 3437 870 3506 eripiouerd
880 3456 958 3508 ποτε,
976 3446 1004 3492 ut
1019 3443 1093 3492 etiam
1108 3439 1187 3492 Geso.
1201 3441 1263 3494 Duc.

156 3531 256 3580 exstant
282 3528 307 3577 in
333 3525 397 3576 libro
425 3525 463 3576 lle
489 3524 618 3592 republica
645 3525 689 3576 sed
726 3528 793 3580 lior.
813 3514 879 3580 Μαι.
899 3527 1033 3595 praebent.
1072 3525 1134 3576 Tum
1155 3526 1216 3578 Ven.
1238 3529 1265 3578 et

154 3614 193 3665 De
212 3606 326 3676 legibus.
363 3611 421 3675 lpse
447 3625 507 3660 vero
536 3610 690 3675 Theophilus
726 3611 800 3676 Bodl.
828 3616 853 3661 ct
879 3610 916 3661 illi
935 3609 996 3660 edili
1023 3609 1092 3672 (exc.
1111 3609 1190 3677 Mur.)
1216 3624 1265 3678 pre

154 3711 244 3749 errore
263 3697 365 3761 scripsit
383 3695 559 3757 Πολιτείαις,
579 3693 645 3762 quod
665 3699 691 3746 et
727 3697 810 3755 verbis
826 3680 925 3750 ὁιιοῦι
938 3693 1023 3746 τοῦτο
1038 3693 1116 3759 (quae
1129 3693 1188 3748 Par.
1202 3711 1264 3763 sup-

155 3799 187 3836 ex
203 3776 443 3850 ἐπιγραφομέναις
461 3779 575 3845 patescit.
605 3778 688 3831 Alium
724 3781 833 3850 peditat)
848 3781 940 3831 hebeni
955 3772 998 3831 du
1014 3768 1067 3830 οὖν
1079 3779 1176 3834 τοῦτο.
1197 3782 1264 3835 Feli.

156 3867 280 3921 eiusmodi
302 3880 416 3918 errorem
437 3864 522 3915 notavi
542 3879 561 3914 c.
579 3864 604 3916 5.
623 3880 650 3915 n.
665 3863 689 3915 9.
726 3871 753 3918 et
768 3866 845 3918 well.
870 3862 916 3917 eccl
936 3857 1036 3919 ὁτιοῦν
1055 3882 1105 3919 τοι
1131 3868 1172 3932 (ut
1189 3866 1267 3932 vulgo

225 3954 249 4005 ι.
268 3951 335 4012 αις
349 3958 388 4003 ...
404 3946 605 4017 natantem]
625 3950 691 4002 ιιιι.
727 3967 767 4018 ιι.
787 3951 878 4015 ιιι),
899 3950 963 4003 nar.
983 3938 1028 4004 tu
1050 3942 1102 4004 etv
1122 3952 1174 4003 wo
1194 3949 1268 4016 (stc),

153 4043 193 4095 De
211 4041 278 4106 legg.
292 4038 339 4090 ΙΙΙ.
354 4051 378 4103 p.
395 4033 444 4087 ott
459 4035 524 4087 cb
544 4035 585 4088 ed.
600 4035 691 4104 Steph.
729 4036 852 4102 llumphr.
877 4033 926 4088 unt
945 4031 1044 4089 ὁτιοῦν
1072 4036 1114 4103 (ut
1131 4034 1206 4087 bodie
1225 4048 1267 4102 ap.

153 4126 263 4179 -Non
283 4128 379 4176 tentum
398 4121 461 4173 len.
477 4120 551 4172 Bodl.
567 4120 627 4172 Par.
647 4119 693 4173 sed
728 4122 793 4175 l’lat.
812 4120 931 4189 iegitur).

155 4199 231 4267 etiarn
251 4210 333 4265 Gesn.
350 4208 416 4260 buc.
438 4207 504 4259 lior.
523 4205 628 4273 legunt:
796 4203 824 4258 9.
839 4206 909 4261 “Orc
927 4201 979 4274 pio
997 4203 1081 4272 eetl,
1096 4203 1163 4256 'l'r'es
1186 4204 1270 4263 noem

990 4302 1057 4360 15*
