<?xml version="1.0" encoding="UTF-8"?>
<!DOCTYPE html PUBLIC "-//W3C//DTD XHTML 1.0 Transitional//EN"
    "http://www.w3.org/TR/xhtml1/DTD/xhtml1-transitional.dtd">
<html xmlns="http://www.w3.org/1999/xhtml" xml:lang="en" lang="en">
 <head>
  <title>
</title>
<meta http-equiv="Content-Type" content="text/html;charset=utf-8" />
  <meta name='ocr-system' content='tesseract 3.04.00' />
  <meta name='ocr-capabilities' content='ocr_page ocr_carea ocr_par ocr_line ocrx_word'/>
</head>
<body>
  <div class='ocr_page' id='page_1' title='image "./corpusapologeta00unkngoog_0280.png"; bbox 0 0 2836 4852; ppageno 0'>
   <div class='ocr_carea' id='block_1_1' title="bbox 473 273 1272 344">
    <p class='ocr_par' dir='ltr' id='par_1_1' title="bbox 473 273 1272 344">
     <span class='ocr_line' id='line_1_1' title="bbox 473 273 1272 344; baseline 0.008 -8"><span class='ocrx_word' id='word_1_1' title='bbox 473 275 532 336; x_wconf 82' lang='lat' dir='ltr'>Al)</span> <span class='ocrx_word' id='word_1_2' title='bbox 551 273 798 337; x_wconf 71' lang='lat' dir='ltr'>henoticum</span> <span class='ocrx_word' id='word_1_3' title='bbox 822 274 900 338; x_wconf 73' lang='grc' dir='ltr'>ΠΒ.</span> <span class='ocrx_word' id='word_1_4' title='bbox 918 275 959 339; x_wconf 82' lang='lat'>11.</span> <span class='ocrx_word' id='word_1_5' title='bbox 1209 276 1272 344; x_wconf 75' lang='lat' dir='ltr'>lui</span> 
     </span>
    </p>
   </div>
   <div class='ocr_carea' id='block_1_2' title="bbox 156 445 1274 2590">
    <p class='ocr_par' dir='ltr' id='par_1_2' title="bbox 156 445 1274 2265">
     <span class='ocr_line' id='line_1_2' title="bbox 161 445 1270 522; baseline 0.005 -17"><span class='ocrx_word' id='word_1_6' title='bbox 161 448 275 506; x_wconf 90' lang='lat' dir='ltr'>verunt</span> <span class='ocrx_word' id='word_1_7' title='bbox 304 445 438 522; x_wconf 85' lang='lat' dir='ltr'>propter</span> <span class='ocrx_word' id='word_1_8' title='bbox 465 461 573 506; x_wconf 91' lang='lat' dir='ltr'>eorum</span> <span class='ocrx_word' id='word_1_9' title='bbox 603 461 744 506; x_wconf 89' lang='lat' dir='ltr'>errorem</span> <span class='ocrx_word' id='word_1_10' title='bbox 766 449 799 506; x_wconf 85' lang='lat' dir='ltr'>et</span> <span class='ocrx_word' id='word_1_11' title='bbox 821 447 935 508; x_wconf 86' lang='lat' dir='ltr'>oallum</span> <span class='ocrx_word' id='word_1_12' title='bbox 960 448 1076 507; x_wconf 84' lang='lat' dir='ltr'>eordis.</span> <span class='ocrx_word' id='word_1_13' title='bbox 1121 448 1270 511; x_wconf 77' lang='lat' dir='ltr'><strong>Ieremias</strong></span> 
     </span>
     <span class='ocr_line' id='line_1_3' title="bbox 161 553 1270 637; baseline 0.007 -24"><span class='ocrx_word' id='word_1_14' title='bbox 161 556 284 630; x_wconf 88' lang='lat' dir='ltr'>quidem</span> <span class='ocrx_word' id='word_1_15' title='bbox 316 555 413 613; x_wconf 85' lang='lat' dir='ltr'><strong>dixit:</strong></span> <span class='ocrx_word' id='word_1_16' title='bbox 450 553 625 632; x_wconf 77' lang='lat' dir='ltr'>Iofotuotiu</span> <span class='ocrx_word' id='word_1_17' title='bbox 653 563 698 616; x_wconf 81' lang='lat' dir='ltr'>ert</span> <span class='ocrx_word' id='word_1_18' title='bbox 729 557 824 617; x_wconf 80' lang='lat' dir='ltr'>omnir</span> <span class='ocrx_word' id='word_1_19' title='bbox 851 555 941 616; x_wconf 80' lang='lat' dir='ltr'>homo</span> <span class='ocrx_word' id='word_1_20' title='bbox 963 557 1089 617; x_wconf 77' lang='lat' dir='ltr'>scientie</span> <span class='ocrx_word' id='word_1_21' title='bbox 1111 579 1182 626; x_wconf 81' lang='lat' dir='ltr'>ruo,</span> <span class='ocrx_word' id='word_1_22' title='bbox 1209 580 1270 637; x_wconf 83' lang='lat' dir='ltr'>pu-</span> 
     </span>
     <span class='ocr_line' id='line_1_4' title="bbox 162 663 1269 746; baseline 0.005 -23"><span class='ocrx_word' id='word_1_23' title='bbox 162 663 238 723; x_wconf 81' lang='lat' dir='ltr'>dore</span> <span class='ocrx_word' id='word_1_24' title='bbox 267 667 393 746; x_wconf 73' lang='lat' dir='ltr'>ruffum</span> <span class='ocrx_word' id='word_1_25' title='bbox 421 671 466 724; x_wconf 83' lang='lat' dir='ltr'>erl</span> <span class='ocrx_word' id='word_1_26' title='bbox 488 666 584 724; x_wconf 80' lang='lat' dir='ltr'>omnir</span> <span class='ocrx_word' id='word_1_27' title='bbox 607 666 720 744; x_wconf 71' lang='lat' dir='ltr'>opifex</span> <span class='ocrx_word' id='word_1_28' title='bbox 739 666 777 725; x_wconf 81' lang='lat' dir='ltr'>ot</span> <span class='ocrx_word' id='word_1_29' title='bbox 794 664 955 744; x_wconf 74' lang='lat' dir='ltr'>sculptilia</span> <span class='ocrx_word' id='word_1_30' title='bbox 977 687 1057 732; x_wconf 42' lang='lat' dir='ltr'>roms</span> <span class='ocrx_word' id='word_1_31' title='bbox 1077 669 1194 744; x_wconf 71' lang='lat' dir='ltr'>feretro</span> <span class='ocrx_word' id='word_1_32' title='bbox 1217 689 1269 728; x_wconf 85' lang='lat' dir='ltr'>oo-</span> 
     </span>
     <span class='ocr_line' id='line_1_5' title="bbox 159 774 1270 853; baseline 0.005 -21"><span class='ocrx_word' id='word_1_33' title='bbox 159 776 317 852; x_wconf 73' lang='lat' dir='ltr'>poiitorios</span> <span class='ocrx_word' id='word_1_34' title='bbox 345 774 434 852; x_wconf 79' lang='lat' dir='ltr'>folior</span> <span class='ocrx_word' id='word_1_35' title='bbox 464 783 622 853; x_wconf 77' lang='lat' dir='ltr'>arpentum</span> <span class='ocrx_word' id='word_1_36' title='bbox 648 775 839 853; x_wconf 74' lang='lat' dir='ltr'>fabricator,</span> <span class='ocrx_word' id='word_1_37' title='bbox 871 794 933 833; x_wconf 81' lang='lat' dir='ltr'>nori</span> <span class='ocrx_word' id='word_1_38' title='bbox 953 784 998 835; x_wconf 82' lang='lat' dir='ltr'>ert</span> <span class='ocrx_word' id='word_1_39' title='bbox 1019 778 1199 853; x_wconf 65' lang='lat' dir='ltr'>spiritantia</span> <span class='ocrx_word' id='word_1_40' title='bbox 1221 780 1270 847; x_wconf 75' lang='lat' dir='ltr'>iis,</span> 
     </span>
     <span class='ocr_line' id='line_1_6' title="bbox 162 870 1270 946; baseline 0.005 -6"><span class='ocrx_word' id='word_1_41' title='bbox 162 881 214 941; x_wconf 70' lang='lat' dir='ltr'>oie</span> <span class='ocrx_word' id='word_1_42' title='bbox 242 884 428 942; x_wconf 63' lang='lat' dir='ltr'>visitationis</span> <span class='ocrx_word' id='word_1_43' title='bbox 458 901 528 942; x_wconf 67' lang='lat' dir='ltr'>iiio</span> <span class='ocrx_word' id='word_1_44' title='bbox 558 883 734 944; x_wconf 62' lang='lat' dir='ltr'>intention</span> <span class='ocrx_word' id='word_1_45' title='bbox 777 884 863 943; x_wconf 65' lang='lat' dir='ltr'>ioan</span> <span class='ocrx_word' id='word_1_46' title='bbox 895 884 971 943; x_wconf 75' lang='lat' dir='ltr'>iiio</span> <span class='ocrx_word' id='word_1_47' title='bbox 999 884 1152 944; x_wconf 63' lang='lat' dir='ltr'>nauum:</span> <span class='ocrx_word' id='word_1_48' title='bbox 1194 870 1270 946; x_wconf 73' lang='lat' dir='ltr'>coi-</span> 
     </span>
     <span class='ocr_line' id='line_1_7' title="bbox 160 990 1271 1071; baseline 0.005 -21"><span class='ocrx_word' id='word_1_49' title='bbox 160 991 247 1068; x_wconf 78' lang='lat' dir='ltr'>mpti</span> <span class='ocrx_word' id='word_1_50' title='bbox 269 999 337 1050; x_wconf 81' lang='lat' dir='ltr'>sicat</span> <span class='ocrx_word' id='word_1_51' title='bbox 360 998 390 1050; x_wconf 85' lang='lat' dir='ltr'>et</span> <span class='ocrx_word' id='word_1_52' title='bbox 413 990 629 1052; x_wconf 71' lang='lat' dir='ltr'>abominabiles</span> <span class='ocrx_word' id='word_1_53' title='bbox 648 994 731 1071; x_wconf 75' lang='lat' dir='ltr'>sorti</span> <span class='ocrx_word' id='word_1_54' title='bbox 751 1000 820 1053; x_wconf 79' lang='lat' dir='ltr'>runt</span> <span class='ocrx_word' id='word_1_55' title='bbox 840 995 883 1052; x_wconf 54' lang='lat' dir='ltr'>¹iii</span> <span class='ocrx_word' id='word_1_56' title='bbox 904 993 1016 1054; x_wconf 73' lang='lat' dir='ltr'>studiis</span> <span class='ocrx_word' id='word_1_57' title='bbox 1035 995 1113 1069; x_wconf 77' lang='lat' dir='ltr'>sois,</span> <span class='ocrx_word' id='word_1_58' title='bbox 1143 1014 1205 1054; x_wconf 77' lang='lat' dir='ltr'>noo</span> <span class='ocrx_word' id='word_1_59' title='bbox 1227 1002 1271 1055; x_wconf 79' lang='lat' dir='ltr'>eet</span> 
     </span>
     <span class='ocr_line' id='line_1_8' title="bbox 161 1100 1271 1182; baseline 0.004 -23"><span class='ocrx_word' id='word_1_60' title='bbox 161 1101 333 1179; x_wconf 73' lang='lat' dir='ltr'>quisoer&#39;et</span> <span class='ocrx_word' id='word_1_61' title='bbox 351 1100 476 1167; x_wconf 73' lang='lat' dir='ltr'>tumim,</span> <span class='ocrx_word' id='word_1_62' title='bbox 504 1120 567 1160; x_wconf 78' lang='lat' dir='ltr'>ooo</span> <span class='ocrx_word' id='word_1_63' title='bbox 586 1109 630 1162; x_wconf 78' lang='lat' dir='ltr'>ert</span> <span class='ocrx_word' id='word_1_64' title='bbox 653 1101 812 1182; x_wconf 78' lang='lat' dir='ltr'>usquead</span> <span class='ocrx_word' id='word_1_65' title='bbox 833 1123 940 1173; x_wconf 64' lang='lat' dir='ltr'>unnim</span> <span class='ocrx_word' id='word_1_66' title='bbox 970 1121 1071 1163; x_wconf 76' lang='lat' dir='ltr'>omnes</span> <span class='ocrx_word' id='word_1_67' title='bbox 1095 1102 1271 1163; x_wconf 81' lang='lat' dir='ltr'>declinere·</span> 
     </span>
     <span class='ocr_line' id='line_1_9' title="bbox 159 1207 1269 1288; baseline 0.002 -18"><span class='ocrx_word' id='word_1_68' title='bbox 159 1217 247 1279; x_wconf 78' lang='lat' dir='ltr'>mot,</span> <span class='ocrx_word' id='word_1_69' title='bbox 278 1207 369 1269; x_wconf 82' lang='lat' dir='ltr'>simul</span> <span class='ocrx_word' id='word_1_70' title='bbox 396 1207 518 1269; x_wconf 69' lang='lat' dir='ltr'>inretitos</span> <span class='ocrx_word' id='word_1_71' title='bbox 544 1211 631 1288; x_wconf 80' lang='lat' dir='ltr'>forti</span> <span class='ocrx_word' id='word_1_72' title='bbox 652 1218 731 1271; x_wconf 79' lang='lat' dir='ltr'>aaut.</span> <span class='ocrx_word' id='word_1_73' title='bbox 775 1211 926 1271; x_wconf 87' lang='lat' dir='ltr'>Similiter</span> <span class='ocrx_word' id='word_1_74' title='bbox 949 1213 1043 1272; x_wconf 86' lang='lat' dir='ltr'>etiam</span> <span class='ocrx_word' id='word_1_75' title='bbox 1069 1210 1269 1272; x_wconf 85' lang='lat' dir='ltr'>llahaouous:</span> 
     </span>
     <span class='ocr_line' id='line_1_10' title="bbox 162 1316 1271 1400; baseline 0.002 -22"><span class='ocrx_word' id='word_1_76' title='bbox 162 1317 248 1389; x_wconf 76' lang='lat' dir='ltr'>Quid</span> <span class='ocrx_word' id='word_1_77' title='bbox 267 1316 398 1396; x_wconf 78' lang='lat' dir='ltr'>prodest</span> <span class='ocrx_word' id='word_1_78' title='bbox 425 1317 541 1378; x_wconf 78' lang='lat' dir='ltr'>homini</span> <span class='ocrx_word' id='word_1_79' title='bbox 562 1318 721 1398; x_wconf 80' lang='lat' dir='ltr'>ieiilptilo,</span> <span class='ocrx_word' id='word_1_80' title='bbox 752 1324 825 1400; x_wconf 75' lang='lat' dir='ltr'>puio</span> <span class='ocrx_word' id='word_1_81' title='bbox 853 1319 980 1398; x_wconf 72' lang='lat' dir='ltr'>sculpsit</span> <span class='ocrx_word' id='word_1_82' title='bbox 1010 1317 1090 1378; x_wconf 85' lang='lat' dir='ltr'>illud</span> <span class='ocrx_word' id='word_1_83' title='bbox 1111 1329 1149 1378; x_wconf 83' lang='lat' dir='ltr'>ut-</span> <span class='ocrx_word' id='word_1_84' title='bbox 1166 1323 1271 1399; x_wconf 78' lang='lat' dir='ltr'>imopo</span> 
     </span>
     <span class='ocr_line' id='line_1_11' title="bbox 157 1425 1274 1507; baseline 0.002 -22"><span class='ocrx_word' id='word_1_85' title='bbox 157 1425 242 1504; x_wconf 74' lang='lat' dir='ltr'>folio</span> <span class='ocrx_word' id='word_1_86' title='bbox 264 1427 326 1486; x_wconf 78' lang='lat' dir='ltr'>rit?</span> <span class='ocrx_word' id='word_1_87' title='bbox 377 1426 438 1486; x_wconf 89' lang='lat' dir='ltr'>Voe</span> <span class='ocrx_word' id='word_1_88' title='bbox 461 1428 514 1504; x_wconf 83' lang='lat' dir='ltr'>qui</span> <span class='ocrx_word' id='word_1_89' title='bbox 536 1426 617 1487; x_wconf 83' lang='lat' dir='ltr'>dicit</span> <span class='ocrx_word' id='word_1_90' title='bbox 639 1427 744 1506; x_wconf 82' lang='lat' dir='ltr'>lepidi</span> <span class='ocrx_word' id='word_1_91' title='bbox 765 1429 1008 1507; x_wconf 75' lang='lat' dir='ltr'>Erepsi-pisum,</span> <span class='ocrx_word' id='word_1_92' title='bbox 1039 1434 1069 1486; x_wconf 88' lang='lat' dir='ltr'>et</span> <span class='ocrx_word' id='word_1_93' title='bbox 1092 1427 1179 1505; x_wconf 74' lang='lat' dir='ltr'>lippo</span> <span class='ocrx_word' id='word_1_94' title='bbox 1199 1427 1274 1488; x_wconf 81' lang='lat' dir='ltr'>Ele-</span> 
     </span>
     <span class='ocr_line' id='line_1_12' title="bbox 156 1533 1270 1612; baseline 0.002 -17"><span class='ocrx_word' id='word_1_95' title='bbox 156 1554 239 1596; x_wconf 86' lang='lat' dir='ltr'>oore.</span> <span class='ocrx_word' id='word_1_96' title='bbox 277 1533 428 1592; x_wconf 87' lang='lat' dir='ltr'>Similiter</span> <span class='ocrx_word' id='word_1_97' title='bbox 449 1534 547 1593; x_wconf 87' lang='lat' dir='ltr'>locuti</span> <span class='ocrx_word' id='word_1_98' title='bbox 569 1539 642 1597; x_wconf 78' lang='lat' dir='ltr'>sunt</span> <span class='ocrx_word' id='word_1_99' title='bbox 668 1539 761 1595; x_wconf 86' lang='lat' dir='ltr'>etiam</span> <span class='ocrx_word' id='word_1_100' title='bbox 783 1539 902 1596; x_wconf 77' lang='lat' dir='ltr'>caeteri</span> <span class='ocrx_word' id='word_1_101' title='bbox 922 1537 1067 1595; x_wconf 83' lang='lat' dir='ltr'>veritatis</span> <span class='ocrx_word' id='word_1_102' title='bbox 1087 1533 1270 1612; x_wconf 87' lang='lat' dir='ltr'>prophetae.</span> 
     </span>
     <span class='ocr_line' id='line_1_13' title="bbox 157 1641 1272 1720; baseline 0.001 -18"><span class='ocrx_word' id='word_1_103' title='bbox 157 1642 200 1703; x_wconf 83' lang='lat' dir='ltr'>Et</span> <span class='ocrx_word' id='word_1_104' title='bbox 221 1642 295 1717; x_wconf 89' lang='lat' dir='ltr'>quid</span> <span class='ocrx_word' id='word_1_105' title='bbox 317 1641 544 1701; x_wconf 81' lang='lat' dir='ltr'>multitudinem</span> <span class='ocrx_word' id='word_1_106' title='bbox 567 1641 790 1720; x_wconf 90' lang='lat' dir='ltr'>prophetarum</span> <span class='ocrx_word' id='word_1_107' title='bbox 814 1662 1000 1720; x_wconf 79' lang='lat' dir='ltr'>enumerem,</span> <span class='ocrx_word' id='word_1_108' title='bbox 1021 1645 1074 1719; x_wconf 75' lang='lat' dir='ltr'>qui</span> <span class='ocrx_word' id='word_1_109' title='bbox 1095 1645 1272 1703; x_wconf 90' lang='lat' dir='ltr'>multisunt</span> 
     </span>
     <span class='ocr_line' id='line_1_14' title="bbox 158 1751 1272 1813; baseline 0.002 -2"><span class='ocrx_word' id='word_1_110' title='bbox 158 1753 192 1811; x_wconf 91' lang='lat' dir='ltr'>et</span> <span class='ocrx_word' id='word_1_111' title='bbox 219 1753 381 1810; x_wconf 87' lang='lat' dir='ltr'>innumera</span> <span class='ocrx_word' id='word_1_112' title='bbox 410 1751 557 1809; x_wconf 86' lang='lat' dir='ltr'>dixerunt</span> <span class='ocrx_word' id='word_1_113' title='bbox 590 1753 688 1812; x_wconf 88' lang='lat' dir='ltr'>amiea</span> <span class='ocrx_word' id='word_1_114' title='bbox 719 1755 801 1813; x_wconf 87' lang='lat' dir='ltr'>inter</span> <span class='ocrx_word' id='word_1_115' title='bbox 830 1771 865 1813; x_wconf 91' lang='lat' dir='ltr'>se</span> <span class='ocrx_word' id='word_1_116' title='bbox 894 1758 926 1813; x_wconf 90' lang='lat' dir='ltr'>et</span> <span class='ocrx_word' id='word_1_117' title='bbox 948 1752 1116 1813; x_wconf 17' lang='lat' dir='ltr'>consonat*</span> <span class='ocrx_word' id='word_1_118' title='bbox 1155 1753 1272 1813; x_wconf 87' lang='lat' dir='ltr'>Valent</span> 
     </span>
     <span class='ocr_line' id='line_1_15' title="bbox 158 1850 1271 1940; baseline 0.002 -19"><span class='ocrx_word' id='word_1_119' title='bbox 158 1861 239 1921; x_wconf 87' lang='lat' dir='ltr'>enim</span> <span class='ocrx_word' id='word_1_120' title='bbox 263 1858 464 1937; x_wconf 83' lang='lat' dir='ltr'>quivolunt,</span> <span class='ocrx_word' id='word_1_121' title='bbox 489 1858 644 1920; x_wconf 84' lang='lat' dir='ltr'>sinerum</span> <span class='ocrx_word' id='word_1_122' title='bbox 668 1860 751 1922; x_wconf 86' lang='lat' dir='ltr'>diota</span> <span class='ocrx_word' id='word_1_123' title='bbox 776 1864 957 1940; x_wconf 78' lang='lat' dir='ltr'>consulant,</span> <span class='ocrx_word' id='word_1_124' title='bbox 986 1863 1153 1922; x_wconf 88' lang='lat' dir='ltr'>veritatem</span> <span class='ocrx_word' id='word_1_125' title='bbox 1176 1850 1271 1922; x_wconf 78' lang='lat' dir='ltr'>aceu-</span> 
     </span>
     <span class='ocr_line' id='line_1_16' title="bbox 157 1969 1269 2048; baseline 0.002 -20"><span class='ocrx_word' id='word_1_126' title='bbox 157 1971 227 2028; x_wconf 89' lang='lat' dir='ltr'>rate</span> <span class='ocrx_word' id='word_1_127' title='bbox 256 1984 466 2045; x_wconf 81' lang='lat' dir='ltr'>cognoscere,</span> <span class='ocrx_word' id='word_1_128' title='bbox 497 1984 599 2043; x_wconf 84' lang='lat' dir='ltr'>neque</span> <span class='ocrx_word' id='word_1_129' title='bbox 629 1971 731 2047; x_wconf 82' lang='lat' dir='ltr'><strong><em>abripi</em></strong></span> <span class='ocrx_word' id='word_1_130' title='bbox 763 1973 1021 2048; x_wconf 82' lang='lat' dir='ltr'>rogitationeet</span> <span class='ocrx_word' id='word_1_131' title='bbox 1050 1969 1134 2028; x_wconf 85' lang='lat' dir='ltr'>inani</span> <span class='ocrx_word' id='word_1_132' title='bbox 1161 1986 1269 2046; x_wconf 87' lang='lat' dir='ltr'>opera.</span> 
     </span>
     <span class='ocr_line' id='line_1_17' title="bbox 157 2076 1269 2156; baseline 0.001 -20"><span class='ocrx_word' id='word_1_133' title='bbox 157 2076 195 2136; x_wconf 90' lang='lat' dir='ltr'>lli</span> <span class='ocrx_word' id='word_1_134' title='bbox 217 2077 314 2153; x_wconf 84' lang='lat' dir='ltr'>igitur</span> <span class='ocrx_word' id='word_1_135' title='bbox 337 2093 415 2152; x_wconf 86' lang='lat' dir='ltr'>quos</span> <span class='ocrx_word' id='word_1_136' title='bbox 437 2077 650 2152; x_wconf 86' lang='lat' dir='ltr'>praediximus</span> <span class='ocrx_word' id='word_1_137' title='bbox 675 2077 851 2156; x_wconf 88' lang='lat' dir='ltr'>prophetae</span> <span class='ocrx_word' id='word_1_138' title='bbox 873 2081 956 2156; x_wconf 87' lang='lat' dir='ltr'>apud</span> <span class='ocrx_word' id='word_1_139' title='bbox 979 2078 1143 2137; x_wconf 85' lang='lat' dir='ltr'>Hebraeos</span> <span class='ocrx_word' id='word_1_140' title='bbox 1165 2079 1269 2137; x_wconf 88' lang='lat' dir='ltr'>exsti·</span> 
     </span>
     <span class='ocr_line' id='line_1_18' title="bbox 157 2180 1170 2265; baseline -0.002 -18"><span class='ocrx_word' id='word_1_141' title='bbox 157 2189 279 2265; x_wconf 79' lang='lat' dir='ltr'>terunt,</span> <span class='ocrx_word' id='word_1_142' title='bbox 301 2185 446 2244; x_wconf 81' lang='lat' dir='ltr'>illiterati</span> <span class='ocrx_word' id='word_1_143' title='bbox 469 2185 610 2245; x_wconf 91' lang='lat' dir='ltr'>homines</span> <span class='ocrx_word' id='word_1_144' title='bbox 634 2191 667 2246; x_wconf 89' lang='lat' dir='ltr'>et</span> <span class='ocrx_word' id='word_1_145' title='bbox 688 2192 836 2264; x_wconf 87' lang='lat' dir='ltr'>pastores</span> <span class='ocrx_word' id='word_1_146' title='bbox 859 2190 892 2247; x_wconf 89' lang='lat' dir='ltr'>et</span> <span class='ocrx_word' id='word_1_147' title='bbox 914 2188 1060 2263; x_wconf 85' lang='lat' dir='ltr'>imperiti.</span> <span class='ocrx_word' id='word_1_148' title='bbox 1169 2180 1170 2185; x_wconf 68' lang='grc'>’</span> 
     </span>
    </p>

    <p class='ocr_par' dir='ltr' id='par_1_3' title="bbox 156 2292 1268 2590">
     <span class='ocr_line' id='line_1_19' title="bbox 244 2292 1268 2373; baseline 0.004 -20"><span class='ocrx_word' id='word_1_149' title='bbox 244 2297 293 2353; x_wconf 85' lang='grc'>36.</span> <span class='ocrx_word' id='word_1_150' title='bbox 315 2292 437 2370; x_wconf 81' lang='lat' dir='ltr'>Sibylla</span> <span class='ocrx_word' id='word_1_151' title='bbox 460 2297 573 2372; x_wconf 86' lang='lat' dir='ltr'>autem,</span> <span class='ocrx_word' id='word_1_152' title='bbox 597 2312 677 2370; x_wconf 85' lang='lat' dir='ltr'>quae</span> <span class='ocrx_word' id='word_1_153' title='bbox 698 2298 782 2373; x_wconf 86' lang='lat' dir='ltr'>apud</span> <span class='ocrx_word' id='word_1_154' title='bbox 805 2295 944 2356; x_wconf 79' lang='lat' dir='ltr'>Graecos</span> <span class='ocrx_word' id='word_1_155' title='bbox 965 2298 998 2355; x_wconf 87' lang='lat' dir='ltr'>et</span> <span class='ocrx_word' id='word_1_156' title='bbox 1021 2299 1165 2357; x_wconf 75' lang='lat' dir='ltr'>caeteras</span> <span class='ocrx_word' id='word_1_157' title='bbox 1187 2312 1268 2371; x_wconf 73' lang='lat' dir='ltr'>gen-</span> 
     </span>
     <span class='ocr_line' id='line_1_20' title="bbox 156 2402 1268 2482; baseline 0.001 -18"><span class='ocrx_word' id='word_1_158' title='bbox 156 2406 206 2464; x_wconf 81' lang='lat' dir='ltr'>tes</span> <span class='ocrx_word' id='word_1_159' title='bbox 229 2403 434 2480; x_wconf 82' lang='lat' dir='ltr'>prophetissa</span> <span class='ocrx_word' id='word_1_160' title='bbox 456 2402 595 2480; x_wconf 85' lang='lat' dir='ltr'>exstitit,</span> <span class='ocrx_word' id='word_1_161' title='bbox 626 2405 713 2463; x_wconf 92' lang='lat' dir='ltr'>initio</span> <span class='ocrx_word' id='word_1_162' title='bbox 740 2404 931 2482; x_wconf 81' lang='lat' dir='ltr'>prophetiae</span> <span class='ocrx_word' id='word_1_163' title='bbox 954 2420 1030 2464; x_wconf 86' lang='lat' dir='ltr'>suae</span> <span class='ocrx_word' id='word_1_164' title='bbox 1053 2405 1214 2472; x_wconf 86' lang='lat' dir='ltr'>invehitur</span> <span class='ocrx_word' id='word_1_165' title='bbox 1236 2406 1268 2465; x_wconf 87' lang='lat' dir='ltr'>iu</span> 
     </span>
     <span class='ocr_line' id='line_1_21' title="bbox 157 2490 613 2590; baseline -0.004 -18"><span class='ocrx_word' id='word_1_166' title='bbox 157 2513 332 2573; x_wconf 88' lang='lat' dir='ltr'>humanum.</span> <span class='ocrx_word' id='word_1_167' title='bbox 346 2528 466 2590; x_wconf 85' lang='lat' dir='ltr'>genus,</span> <span class='ocrx_word' id='word_1_168' title='bbox 489 2490 613 2571; x_wconf 77' lang='lat' dir='ltr'>dioeiis:</span> 
     </span>
    </p>
   </div>
   <div class='ocr_carea' id='block_1_3' title="bbox 152 2728 1266 4164">
    <p class='ocr_par' dir='ltr' id='par_1_4' title="bbox 155 2728 1266 2896">
     <span class='ocr_line' id='line_1_22' title="bbox 156 2728 1266 2812; baseline -0.001 -17"><span class='ocrx_word' id='word_1_169' title='bbox 156 2747 182 2796; x_wconf 86' lang='lat' dir='ltr'>et</span> <span class='ocrx_word' id='word_1_170' title='bbox 209 2728 467 2812; x_wconf 71' lang='lat' dir='ltr'>osonio-Epipmo.</span> <span class='ocrx_word' id='word_1_171' title='bbox 496 2741 528 2793; x_wconf 84' lang='lat' dir='ltr'>ile</span> <span class='ocrx_word' id='word_1_172' title='bbox 553 2742 603 2793; x_wconf 83' lang='lat' dir='ltr'>vita</span> <span class='ocrx_word' id='word_1_173' title='bbox 631 2754 693 2809; x_wconf 89' lang='lat' dir='ltr'>pio·</span> <span class='ocrx_word' id='word_1_174' title='bbox 796 2740 839 2792; x_wconf 73' lang='lat'>24.</span> <span class='ocrx_word' id='word_1_175' title='bbox 866 2735 1046 2808; x_wconf 73' lang='grc' dir='ltr'><strong><em>ἀγράμματοι</em></strong></span> <span class='ocrx_word' id='word_1_176' title='bbox 1069 2740 1138 2808; x_wconf 72' lang='lat' dir='ltr'>aot]</span> <span class='ocrx_word' id='word_1_177' title='bbox 1168 2741 1266 2807; x_wconf 79' lang='lat' dir='ltr'>„histo</span> 
     </span>
     <span class='ocr_line' id='line_1_23' title="bbox 155 2825 1264 2896; baseline -0.003 -15"><span class='ocrx_word' id='word_1_178' title='bbox 155 2828 329 2896; x_wconf 85' lang='lat' dir='ltr'>phet.o.18.</span> <span class='ocrx_word' id='word_1_179' title='bbox 620 2887 623 2890; x_wconf 14' lang='grc' dir='ltr'><em>Α</em></span> <span class='ocrx_word' id='word_1_180' title='bbox 729 2825 868 2892; x_wconf 76' lang='lat' dir='ltr'>gewisser,</span> <span class='ocrx_word' id='word_1_181' title='bbox 904 2825 954 2878; x_wconf 89' lang='lat' dir='ltr'>will</span> <span class='ocrx_word' id='word_1_182' title='bbox 987 2826 1142 2892; x_wconf 81' lang='lat' dir='ltr'>Theophilus</span> <span class='ocrx_word' id='word_1_183' title='bbox 1176 2841 1264 2891; x_wconf 69' lang='lat' dir='ltr'>segem</span> 
     </span>
    </p>

    <p class='ocr_par' dir='ltr' id='par_1_5' title="bbox 156 2905 1264 3146">
     <span class='ocr_line' id='line_1_24' title="bbox 224 2905 1264 2980; baseline -0.005 -15"><span class='ocrx_word' id='word_1_184' title='bbox 224 2912 266 2965; x_wconf 73' lang='lat'>21.</span> <span class='ocrx_word' id='word_1_185' title='bbox 287 2913 324 2965; x_wconf 82' lang='lat' dir='ltr'>Ti</span> <span class='ocrx_word' id='word_1_186' title='bbox 343 2951 349 2963; x_wconf 92' lang='lat'>.</span> <span class='ocrx_word' id='word_1_187' title='bbox 365 2950 371 2963; x_wconf 96' lang='lat'><strong><em>.</em></strong></span> <span class='ocrx_word' id='word_1_188' title='bbox 388 2950 394 2964; x_wconf 93' lang='lat'>.</span> <span class='ocrx_word' id='word_1_189' title='bbox 412 2905 573 2980; x_wconf 66' lang='lat' dir='ltr'>‘Tpmtprd</span> <span class='ocrx_word' id='word_1_190' title='bbox 597 2912 692 2964; x_wconf 79' lang='lat' dir='ltr'>Habeo.</span> <span class='ocrx_word' id='word_1_191' title='bbox 728 2913 829 2960; x_wconf 85' lang='lat' dir='ltr'>iniissen</span> <span class='ocrx_word' id='word_1_192' title='bbox 849 2911 886 2960; x_wconf 84' lang='lat' dir='ltr'>sio</span> <span class='ocrx_word' id='word_1_193' title='bbox 903 2910 977 2961; x_wconf 79' lang='lat' dir='ltr'>einen</span> <span class='ocrx_word' id='word_1_194' title='bbox 992 2911 1105 2962; x_wconf 80' lang='lat' dir='ltr'>hilieren</span> <span class='ocrx_word' id='word_1_195' title='bbox 1123 2911 1264 2977; x_wconf 73' lang='lat' dir='ltr'>unhelriig-</span> 
     </span>
     <span class='ocr_line' id='line_1_25' title="bbox 156 2993 1264 3065; baseline -0.004 -16"><span class='ocrx_word' id='word_1_196' title='bbox 156 2997 183 3062; x_wconf 80' lang='lat'>2,</span> <span class='ocrx_word' id='word_1_197' title='bbox 202 2997 308 3064; x_wconf 85' lang='lat' dir='ltr'>18sq.‚</span> <span class='ocrx_word' id='word_1_198' title='bbox 327 2997 369 3048; x_wconf 84' lang='lat' dir='ltr'>uhi</span> <span class='ocrx_word' id='word_1_199' title='bbox 388 3012 452 3063; x_wconf 82' lang='lat' dir='ltr'>quae</span> <span class='ocrx_word' id='word_1_200' title='bbox 472 2997 628 3065; x_wconf 86' lang='lat' dir='ltr'>Theophilus</span> <span class='ocrx_word' id='word_1_201' title='bbox 646 2998 693 3048; x_wconf 84' lang='lat' dir='ltr'>ha·</span> <span class='ocrx_word' id='word_1_202' title='bbox 728 2993 812 3045; x_wconf 88' lang='lat' dir='ltr'>lichen</span> <span class='ocrx_word' id='word_1_203' title='bbox 841 2995 989 3047; x_wconf 89' lang='lat' dir='ltr'>Unterrioht</span> <span class='ocrx_word' id='word_1_204' title='bbox 1017 2996 1065 3059; x_wconf 88' lang='lat' dir='ltr'>hey</span> <span class='ocrx_word' id='word_1_205' title='bbox 1093 2994 1142 3046; x_wconf 83' lang='lat' dir='ltr'>ileu</span> <span class='ocrx_word' id='word_1_206' title='bbox 1168 2995 1264 3046; x_wconf 87' lang='lat' dir='ltr'>Beleh-</span> 
     </span>
     <span class='ocr_line' id='line_1_26' title="bbox 156 3079 1262 3146; baseline -0.002 -12"><span class='ocrx_word' id='word_1_207' title='bbox 156 3083 200 3134; x_wconf 80' lang='lat' dir='ltr'>het</span> <span class='ocrx_word' id='word_1_208' title='bbox 217 3082 292 3133; x_wconf 86' lang='lat' dir='ltr'>latius</span> <span class='ocrx_word' id='word_1_209' title='bbox 311 3085 474 3134; x_wconf 87' lang='lat' dir='ltr'>enarrantur.</span> <span class='ocrx_word' id='word_1_210' title='bbox 727 3092 841 3142; x_wconf 76' lang='lat' dir='ltr'>turgeu,</span> <span class='ocrx_word' id='word_1_211' title='bbox 859 3079 899 3130; x_wconf 79' lang='lat' dir='ltr'>ilie</span> <span class='ocrx_word' id='word_1_212' title='bbox 918 3080 956 3130; x_wconf 83' lang='lat' dir='ltr'>sie</span> <span class='ocrx_word' id='word_1_213' title='bbox 974 3095 1022 3130; x_wconf 88' lang='lat' dir='ltr'>uns</span> <span class='ocrx_word' id='word_1_214' title='bbox 1044 3079 1143 3146; x_wconf 75' lang='lat' dir='ltr'>gehen,</span> <span class='ocrx_word' id='word_1_215' title='bbox 1168 3094 1262 3144; x_wconf 71' lang='lat' dir='ltr'>genos-</span> 
     </span>
    </p>

    <p class='ocr_par' dir='ltr' id='par_1_6' title="bbox 154 3162 1263 3403">
     <span class='ocr_line' id='line_1_27' title="bbox 224 3162 1263 3233; baseline -0.004 -15"><span class='ocrx_word' id='word_1_216' title='bbox 224 3165 277 3218; x_wconf 74' lang='lat'><strong>22.·</strong></span> <span class='ocrx_word' id='word_1_217' title='bbox 296 3166 366 3231; x_wconf 75' lang='lat' dir='ltr'>roilo</span> <span class='ocrx_word' id='word_1_218' title='bbox 391 3169 438 3218; x_wconf 77' lang='lat' dir='ltr'>aot</span> <span class='ocrx_word' id='word_1_219' title='bbox 463 3165 613 3233; x_wconf 74' lang='grc' dir='ltr'><strong><em>σύμφωνος]</em></strong></span> <span class='ocrx_word' id='word_1_220' title='bbox 649 3165 693 3217; x_wconf 84' lang='lat' dir='ltr'>Sio</span> <span class='ocrx_word' id='word_1_221' title='bbox 728 3177 773 3214; x_wconf 84' lang='lat' dir='ltr'>son</span> <span class='ocrx_word' id='word_1_222' title='bbox 789 3163 901 3215; x_wconf 85' lang='lat' dir='ltr'>liabon.“</span> <span class='ocrx_word' id='word_1_223' title='bbox 919 3165 1044 3215; x_wconf 78' lang='lat' dir='ltr'>Roesoier</span> <span class='ocrx_word' id='word_1_224' title='bbox 1063 3166 1101 3230; x_wconf 90' lang='lat' dir='ltr'>(p.</span> <span class='ocrx_word' id='word_1_225' title='bbox 1116 3162 1263 3230; x_wconf 57' lang='lat' dir='ltr'>itima-</span> 
     </span>
     <span class='ocr_line' id='line_1_28' title="bbox 154 3248 1262 3318; baseline -0.002 -15"><span class='ocrx_word' id='word_1_226' title='bbox 154 3252 258 3318; x_wconf 84' lang='lat' dir='ltr'>passim,</span> <span class='ocrx_word' id='word_1_227' title='bbox 278 3265 301 3303; x_wconf 83' lang='lat' dir='ltr'>e.</span> <span class='ocrx_word' id='word_1_228' title='bbox 317 3267 342 3316; x_wconf 74' lang='lat' dir='ltr'>g.</span> <span class='ocrx_word' id='word_1_229' title='bbox 361 3251 445 3316; x_wconf 72' lang='lat' dir='ltr'>paullo</span> <span class='ocrx_word' id='word_1_230' title='bbox 464 3265 540 3315; x_wconf 84' lang='lat' dir='ltr'>supra</span> <span class='ocrx_word' id='word_1_231' title='bbox 558 3266 582 3315; x_wconf 89' lang='lat' dir='ltr'>p.</span> <span class='ocrx_word' id='word_1_232' title='bbox 597 3251 644 3302; x_wconf 89' lang='lat'>111</span> <span class='ocrx_word' id='word_1_233' title='bbox 663 3249 692 3316; x_wconf 84' lang='lat' dir='ltr'>c,</span> <span class='ocrx_word' id='word_1_234' title='bbox 728 3262 776 3314; x_wconf 81' lang='lat' dir='ltr'>que</span> <span class='ocrx_word' id='word_1_235' title='bbox 795 3251 865 3312; x_wconf 80' lang='lat' dir='ltr'>patet</span> <span class='ocrx_word' id='word_1_236' title='bbox 890 3263 951 3310; x_wconf 80' lang='lat' dir='ltr'>eos,</span> <span class='ocrx_word' id='word_1_237' title='bbox 979 3253 1008 3300; x_wconf 92' lang='lat' dir='ltr'>ut</span> <span class='ocrx_word' id='word_1_238' title='bbox 1025 3249 1139 3301; x_wconf 77' lang='lat' dir='ltr'>lustinus</span> <span class='ocrx_word' id='word_1_239' title='bbox 1157 3248 1262 3301; x_wconf 79' lang='lat' dir='ltr'>Cohort.</span> 
     </span>
     <span class='ocr_line' id='line_1_29' title="bbox 155 3331 1262 3403; baseline -0.004 -15"><span class='ocrx_word' id='word_1_240' title='bbox 155 3351 178 3388; x_wconf 85' lang='lat' dir='ltr'>o.</span> <span class='ocrx_word' id='word_1_241' title='bbox 196 3334 221 3387; x_wconf 80' lang='lat'>9.</span> <span class='ocrx_word' id='word_1_242' title='bbox 241 3350 266 3403; x_wconf 75' lang='lat' dir='ltr'>p,</span> <span class='ocrx_word' id='word_1_243' title='bbox 285 3335 320 3387; x_wconf 83' lang='grc'>88</span> <span class='ocrx_word' id='word_1_244' title='bbox 337 3336 377 3401; x_wconf 81' lang='lat' dir='ltr'>A,</span> <span class='ocrx_word' id='word_1_245' title='bbox 396 3335 462 3386; x_wconf 83' lang='lat' dir='ltr'>inire</span> <span class='ocrx_word' id='word_1_246' title='bbox 481 3335 524 3388; x_wconf 90' lang='lat' dir='ltr'>lih.</span> <span class='ocrx_word' id='word_1_247' title='bbox 543 3337 589 3388; x_wconf 79' lang='lat' dir='ltr'>tlt,</span> <span class='ocrx_word' id='word_1_248' title='bbox 609 3351 630 3387; x_wconf 87' lang='lat' dir='ltr'>o.</span> <span class='ocrx_word' id='word_1_249' title='bbox 652 3335 691 3386; x_wconf 87' lang='lat'>17.</span> <span class='ocrx_word' id='word_1_250' title='bbox 728 3333 757 3382; x_wconf 82' lang='lat' dir='ltr'>eil</span> <span class='ocrx_word' id='word_1_251' title='bbox 777 3331 865 3384; x_wconf 81' lang='lat' dir='ltr'>Genti.</span> <span class='ocrx_word' id='word_1_252' title='bbox 885 3337 907 3384; x_wconf 62' lang='lat' dir='ltr'>ot</span> <span class='ocrx_word' id='word_1_253' title='bbox 926 3333 960 3385; x_wconf 78' lang='lat'>35</span> <span class='ocrx_word' id='word_1_254' title='bbox 979 3333 1029 3396; x_wconf 85' lang='lat' dir='ltr'>ait,</span> <span class='ocrx_word' id='word_1_255' title='bbox 1056 3347 1105 3384; x_wconf 89' lang='lat' dir='ltr'>non</span> <span class='ocrx_word' id='word_1_256' title='bbox 1127 3331 1262 3384; x_wconf 81' lang='lat' dir='ltr'>aitiiiolese</span> 
     </span>
    </p>

    <p class='ocr_par' dir='ltr' id='par_1_7' title="bbox 152 3415 1262 4164">
     <span class='ocr_line' id='line_1_30' title="bbox 223 3415 1262 3488; baseline -0.004 -16"><span class='ocrx_word' id='word_1_257' title='bbox 223 3420 267 3472; x_wconf 77' lang='lat'>23.</span> <span class='ocrx_word' id='word_1_258' title='bbox 295 3415 487 3488; x_wconf 58' lang='grc' dir='ltr'>παράγεσθαι]</span> <span class='ocrx_word' id='word_1_259' title='bbox 522 3420 589 3474; x_wconf 86' lang='lat' dir='ltr'>Feli.</span> <span class='ocrx_word' id='word_1_260' title='bbox 617 3421 691 3472; x_wconf 85' lang='lat' dir='ltr'>Woli.</span> <span class='ocrx_word' id='word_1_261' title='bbox 727 3416 794 3482; x_wconf 83' lang='lat' dir='ltr'>loqui</span> <span class='ocrx_word' id='word_1_262' title='bbox 813 3417 859 3469; x_wconf 82' lang='lat' dir='ltr'>sed</span> <span class='ocrx_word' id='word_1_263' title='bbox 878 3419 954 3469; x_wconf 82' lang='lat' dir='ltr'>veiha</span> <span class='ocrx_word' id='word_1_264' title='bbox 973 3416 1121 3482; x_wconf 81' lang='lat' dir='ltr'>simpliciter</span> <span class='ocrx_word' id='word_1_265' title='bbox 1138 3421 1167 3468; x_wconf 91' lang='lat' dir='ltr'>ut</span> <span class='ocrx_word' id='word_1_266' title='bbox 1181 3431 1209 3468; x_wconf 84' lang='lat' dir='ltr'>se</span> <span class='ocrx_word' id='word_1_267' title='bbox 1223 3417 1262 3468; x_wconf 84' lang='lat' dir='ltr'>oi-</span> 
     </span>
     <span class='ocr_line' id='line_1_31' title="bbox 155 3497 1262 3575; baseline -0.006 -16"><span class='ocrx_word' id='word_1_268' title='bbox 155 3507 220 3558; x_wconf 79' lang='lat' dir='ltr'>Mar.</span> <span class='ocrx_word' id='word_1_269' title='bbox 234 3507 360 3575; x_wconf 81' lang='lat' dir='ltr'>llumphr.</span> <span class='ocrx_word' id='word_1_270' title='bbox 392 3506 427 3556; x_wconf 82' lang='lat' dir='ltr'>At</span> <span class='ocrx_word' id='word_1_271' title='bbox 445 3506 508 3556; x_wconf 78' lang='lat' dir='ltr'>Van.</span> <span class='ocrx_word' id='word_1_272' title='bbox 523 3504 598 3557; x_wconf 85' lang='lat' dir='ltr'>Bodl.</span> <span class='ocrx_word' id='word_1_273' title='bbox 611 3506 691 3558; x_wconf 83' lang='lat' dir='ltr'>Geso.</span> <span class='ocrx_word' id='word_1_274' title='bbox 726 3501 814 3554; x_wconf 86' lang='lat' dir='ltr'>lerunt</span> <span class='ocrx_word' id='word_1_275' title='bbox 830 3501 956 3569; x_wconf 76' lang='lat' dir='ltr'>usurpare</span> <span class='ocrx_word' id='word_1_276' title='bbox 980 3497 1089 3566; x_wconf 69' lang='grc' dir='ltr'>(ἁπλῶς</span> <span class='ocrx_word' id='word_1_277' title='bbox 1106 3504 1167 3561; x_wconf 75' lang='grc' dir='ltr'>τοῖς</span> <span class='ocrx_word' id='word_1_278' title='bbox 1184 3497 1262 3553; x_wconf 70' lang='lat' dir='ltr'>tow·</span> 
     </span>
     <span class='ocr_line' id='line_1_32' title="bbox 153 3582 1262 3656; baseline -0.005 -12"><span class='ocrx_word' id='word_1_279' title='bbox 153 3593 217 3644; x_wconf 81' lang='lat' dir='ltr'>ltro.</span> <span class='ocrx_word' id='word_1_280' title='bbox 250 3593 325 3643; x_wconf 88' lang='lat' dir='ltr'>ltlor.-</span> <span class='ocrx_word' id='word_1_281' title='bbox 348 3588 566 3656; x_wconf 76' lang='grc' dir='ltr'><strong><em>παραγενέσθαι.</em></strong></span> <span class='ocrx_word' id='word_1_282' title='bbox 612 3589 691 3654; x_wconf 77' lang='lat' dir='ltr'>Quam</span> <span class='ocrx_word' id='word_1_283' title='bbox 725 3587 825 3653; x_wconf 70' lang='grc' dir='ltr'><strong><em>χοῦσιν</em></strong></span> <span class='ocrx_word' id='word_1_284' title='bbox 839 3582 1000 3651; x_wconf 70' lang='lat' dir='ltr'>inoperire</span> <span class='ocrx_word' id='word_1_285' title='bbox 1013 3585 1061 3639; x_wconf 76' lang='lat' dir='ltr'>ool</span> <span class='ocrx_word' id='word_1_286' title='bbox 1075 3584 1180 3652; x_wconf 75' lang='grc' dir='ltr'><strong><em>ῥήμασι</em></strong></span> <span class='ocrx_word' id='word_1_287' title='bbox 1192 3586 1262 3654; x_wconf 77' lang='grc' dir='ltr'><strong><em>χρῆ-</em></strong></span> 
     </span>
     <span class='ocr_line' id='line_1_33' title="bbox 153 3668 1262 3744; baseline -0.006 -15"><span class='ocrx_word' id='word_1_288' title='bbox 153 3677 307 3743; x_wconf 73' lang='lat' dir='ltr'>scripturam</span> <span class='ocrx_word' id='word_1_289' title='bbox 337 3675 411 3726; x_wconf 84' lang='lat' dir='ltr'>Woli.</span> <span class='ocrx_word' id='word_1_290' title='bbox 439 3675 596 3727; x_wconf 84' lang='lat' dir='ltr'>assentiente</span> <span class='ocrx_word' id='word_1_291' title='bbox 622 3675 691 3728; x_wconf 87' lang='lat' dir='ltr'>Hes·</span> <span class='ocrx_word' id='word_1_292' title='bbox 725 3673 824 3739; x_wconf 76' lang='grc' dir='ltr'>σθαι),</span> <span class='ocrx_word' id='word_1_293' title='bbox 848 3686 877 3722; x_wconf 87' lang='lat' dir='ltr'>ea</span> <span class='ocrx_word' id='word_1_294' title='bbox 903 3668 1138 3736; x_wconf 80' lang='lat' dir='ltr'>nuntiantes&#39;quae</span> <span class='ocrx_word' id='word_1_295' title='bbox 1156 3671 1262 3744; x_wconf 79' lang='lat' dir='ltr'>spiritus</span> 
     </span>
     <span class='ocr_line' id='line_1_34' title="bbox 153 3754 1261 3820; baseline -0.005 -8"><span class='ocrx_word' id='word_1_296' title='bbox 153 3773 245 3812; x_wconf 85' lang='lat' dir='ltr'>manno</span> <span class='ocrx_word' id='word_1_297' title='bbox 278 3760 342 3810; x_wconf 85' lang='lat' dir='ltr'>mole</span> <span class='ocrx_word' id='word_1_298' title='bbox 375 3757 488 3810; x_wconf 80' lang='lat' dir='ltr'>defendit</span> <span class='ocrx_word' id='word_1_299' title='bbox 516 3759 564 3810; x_wconf 88' lang='lat' dir='ltr'>hoe</span> <span class='ocrx_word' id='word_1_300' title='bbox 597 3773 689 3810; x_wconf 82' lang='lat' dir='ltr'>sensu:</span> <span class='ocrx_word' id='word_1_301' title='bbox 724 3761 827 3809; x_wconf 84' lang='lat' dir='ltr'>sanctus</span> <span class='ocrx_word' id='word_1_302' title='bbox 840 3766 925 3807; x_wconf 79' lang='lat' dir='ltr'>veram</span> <span class='ocrx_word' id='word_1_303' title='bbox 940 3755 1087 3820; x_wconf 69' lang='lat' dir='ltr'>religionem</span> <span class='ocrx_word' id='word_1_304' title='bbox 1103 3754 1201 3808; x_wconf 77' lang='lat' dir='ltr'>(llorere</span> <span class='ocrx_word' id='word_1_305' title='bbox 1215 3770 1261 3807; x_wconf 84' lang='lat' dir='ltr'>ou-</span> 
     </span>
     <span class='ocr_line' id='line_1_35' title="bbox 155 3838 1260 3910; baseline -0.007 -14"><span class='ocrx_word' id='word_1_306' title='bbox 155 3846 218 3910; x_wconf 78' lang='lat' dir='ltr'>„qui</span> <span class='ocrx_word' id='word_1_307' title='bbox 244 3844 337 3908; x_wconf 75' lang='lat' dir='ltr'>legerit</span> <span class='ocrx_word' id='word_1_308' title='bbox 354 3843 535 3910; x_wconf 85' lang='lat' dir='ltr'>prophetarum</span> <span class='ocrx_word' id='word_1_309' title='bbox 554 3843 648 3908; x_wconf 73' lang='lat' dir='ltr'>scripta</span> <span class='ocrx_word' id='word_1_310' title='bbox 667 3843 689 3893; x_wconf 86' lang='lat' dir='ltr'>is</span> <span class='ocrx_word' id='word_1_311' title='bbox 724 3840 852 3909; x_wconf 84' lang='lat' dir='ltr'>pieniihus</span> <span class='ocrx_word' id='word_1_312' title='bbox 864 3854 909 3908; x_wconf 83' lang='lat' dir='ltr'>per</span> <span class='ocrx_word' id='word_1_313' title='bbox 920 3854 963 3891; x_wconf 85' lang='lat' dir='ltr'>eos</span> <span class='ocrx_word' id='word_1_314' title='bbox 973 3839 1074 3892; x_wconf 84' lang='lat' dir='ltr'>tradere</span> <span class='ocrx_word' id='word_1_315' title='bbox 1085 3839 1171 3892; x_wconf 84' lang='lat' dir='ltr'>voluit.</span> <span class='ocrx_word' id='word_1_316' title='bbox 1190 3838 1260 3890; x_wconf 83' lang='lat' dir='ltr'>litem</span> 
     </span>
     <span class='ocr_line' id='line_1_36' title="bbox 152 3920 1259 3994; baseline -0.009 -15"><span class='ocrx_word' id='word_1_317' title='bbox 152 3928 280 3992; x_wconf 70' lang='lat' dir='ltr'>intelliget</span> <span class='ocrx_word' id='word_1_318' title='bbox 298 3943 385 3979; x_wconf 85' lang='lat' dir='ltr'>verum</span> <span class='ocrx_word' id='word_1_319' title='bbox 401 3931 428 3978; x_wconf 79' lang='lat' dir='ltr'>et</span> <span class='ocrx_word' id='word_1_320' title='bbox 445 3926 544 3992; x_wconf 74' lang='lat' dir='ltr'>(eadem</span> <span class='ocrx_word' id='word_1_321' title='bbox 560 3942 597 3979; x_wconf 85' lang='lat' dir='ltr'>se.</span> <span class='ocrx_word' id='word_1_322' title='bbox 612 3941 690 3994; x_wconf 82' lang='lat' dir='ltr'>opera</span> <span class='ocrx_word' id='word_1_323' title='bbox 725 3926 779 3977; x_wconf 87' lang='lat' dir='ltr'>lere</span> <span class='ocrx_word' id='word_1_324' title='bbox 790 3925 821 3975; x_wconf 80' lang='lat' dir='ltr'>ile</span> <span class='ocrx_word' id='word_1_325' title='bbox 831 3923 926 3990; x_wconf 84' lang='lat' dir='ltr'>Sibylla</span> <span class='ocrx_word' id='word_1_326' title='bbox 938 3925 1086 3992; x_wconf 82' lang='lat' dir='ltr'>pronuntiat</span> <span class='ocrx_word' id='word_1_327' title='bbox 1098 3925 1129 3986; x_wconf 88' lang='lat' dir='ltr'>(l.</span> <span class='ocrx_word' id='word_1_328' title='bbox 1139 3939 1159 3975; x_wconf 84' lang='lat' dir='ltr'>o.</span> <span class='ocrx_word' id='word_1_329' title='bbox 1170 3920 1259 3983; x_wconf 71' lang='lat' dir='ltr'>nei).</span> 
     </span>
     <span class='ocr_line' id='line_1_37' title="bbox 153 4003 1257 4078; baseline -0.007 -14"><span class='ocrx_word' id='word_1_330' title='bbox 153 4011 294 4078; x_wconf 74' lang='lat' dir='ltr'>intelliget)</span> <span class='ocrx_word' id='word_1_331' title='bbox 320 4026 348 4063; x_wconf 83' lang='lat' dir='ltr'>en</span> <span class='ocrx_word' id='word_1_332' title='bbox 367 4025 417 4063; x_wconf 89' lang='lat' dir='ltr'>non</span> <span class='ocrx_word' id='word_1_333' title='bbox 439 4010 590 4076; x_wconf 74' lang='lat' dir='ltr'>aih-ingonia</span> <span class='ocrx_word' id='word_1_334' title='bbox 609 4011 690 4062; x_wconf 86' lang='lat' dir='ltr'>homi·</span> <span class='ocrx_word' id='word_1_335' title='bbox 794 4010 819 4063; x_wconf 88' lang='lat'>1.</span> <span class='ocrx_word' id='word_1_336' title='bbox 835 4003 977 4076; x_wconf 75' lang='grc' dir='ltr'>Ἕλλησιν]</span> <span class='ocrx_word' id='word_1_337' title='bbox 999 4010 1079 4072; x_wconf 87' lang='lat' dir='ltr'>Veu.;</span> <span class='ocrx_word' id='word_1_338' title='bbox 1099 4008 1168 4072; x_wconf 72' lang='lat' dir='ltr'>vulg.</span> <span class='ocrx_word' id='word_1_339' title='bbox 1188 4019 1257 4056; x_wconf 73' lang='lat' dir='ltr'>-oo</span> 
     </span>
     <span class='ocr_line' id='line_1_38' title="bbox 153 4091 1156 4164; baseline -0.006 -16"><span class='ocrx_word' id='word_1_340' title='bbox 153 4110 214 4149; x_wconf 89' lang='lat' dir='ltr'>num</span> <span class='ocrx_word' id='word_1_341' title='bbox 233 4100 259 4150; x_wconf 81' lang='lat' dir='ltr'>ot</span> <span class='ocrx_word' id='word_1_342' title='bbox 277 4110 341 4150; x_wconf 84' lang='lat' dir='ltr'>vana</span> <span class='ocrx_word' id='word_1_343' title='bbox 358 4109 436 4164; x_wconf 84' lang='lat' dir='ltr'>opera</span> <span class='ocrx_word' id='word_1_344' title='bbox 454 4096 567 4164; x_wconf 72' lang='lat' dir='ltr'>proiecta</span> <span class='ocrx_word' id='word_1_345' title='bbox 586 4095 672 4148; x_wconf 83' lang='lat' dir='ltr'>esse.“</span> <span class='ocrx_word' id='word_1_346' title='bbox 726 4094 795 4148; x_wconf 81' lang='lat' dir='ltr'>litem</span> <span class='ocrx_word' id='word_1_347' title='bbox 815 4095 846 4148; x_wconf 86' lang='lat' dir='ltr'>ile</span> <span class='ocrx_word' id='word_1_348' title='bbox 866 4091 975 4150; x_wconf 70' lang='grc' dir='ltr'>ἔθνεσιν</span> <span class='ocrx_word' id='word_1_349' title='bbox 994 4092 1156 4146; x_wconf 73' lang='lat' dir='ltr'>maenium.</span> 
     </span>
    </p>
   </div>
   <div class='ocr_carea' id='block_1_4' title="bbox 884 4187 1051 4249">
    <p class='ocr_par' dir='ltr' id='par_1_8' title="bbox 884 4187 1051 4249">
     <span class='ocr_line' id='line_1_39' title="bbox 884 4187 1051 4249; baseline -0.006 0"><span class='ocrx_word' id='word_1_350' title='bbox 884 4194 886 4201; x_wconf 59' lang='lat'><strong>⁴</strong></span> <span class='ocrx_word' id='word_1_351' title='bbox 985 4187 1051 4249; x_wconf 73' lang='lat'>11*</span> 
     </span>
    </p>
   </div>
   <div class='ocr_carea' id='block_1_5' title="bbox 0 0 1422 4852">
    <p class='ocr_par' dir='ltr' id='par_1_9' title="bbox 0 0 1422 4852">
     <span class='ocr_line' id='line_1_40' title="bbox 0 0 1422 4852; baseline 0 3"><span class='ocrx_word' id='word_1_352' title='bbox 0 0 1422 4852; x_wconf 95' lang='lat' dir='ltr'> </span> 
     </span>
    </p>
   </div>
  </div>
 </body>
</html>
