2836 4852
200 235 262 300 132
512 229 729 292 uhuorum
751 228 1001 291 Antiochum

201 407 255 467 τοῦ
284 399 420 464 θανάτου
449 396 554 461 αὐτοῦ.
602 395 679 461 Οὔτε
707 390 763 483 οὖν
785 394 943 461 ἀθάνατον
966 393 1060 460 αὐτόν
1082 397 1219 476 incipero
1245 395 1315 460 oties

201 509 416 593 μήνθνητόν,
448 505 532 587 ἄλλα,
564 509 671 580 καθώς
693 504 819 572 7ἐπάνω
841 506 1074 588 προειρήκαμεν,
1103 506 1238 569 δεκτικὸν
1259 503 1314 586 α’μ·

201 621 351 703 φοτέρων,
371 620 437 693 ἵνα,
467 618 518 680 8εἰ
537 618 616 702 pipp
640 617 687 681 ἐπὶ
710 614 746 677 eet
769 619 825 697 τῆς
846 611 1016 689 ἀθανασίας
1037 615 1167 697 τηρήσας
1189 613 1244 694 τήν
1265 616 1315 679 ἒν-

201 726 293 811 τολήν
323 731 378 791 τοῦ
404 731 499 804 θεοῦ,
529 727 641 805 μισθόν
663 727 819 805 κομίσηται
847 722 914 806 παρ’
937 722 1032 788 αὐτοῦ
1056 723 1112 804 τήν
1140 722 1351 788 α’θανασίανῙ)

182 840 252 902 ’καὶ
273 838 390 921 γένηται
412 835 493 909 θεός,
517 835 544 897 et
565 830 590 896 d’
616 827 656 896 αὖ
678 838 777 919 τροπή
796 834 844 897 ἐπὶ
864 835 900 896 τὰ
920 812 974 898 νοῦ
994 827 1133 897 θανάτου
1156 835 1315 918 πράγματα

201 945 394 1030 παρακούσας
408 949 463 1006 τοῦ
479 949 566 1020 θεοῦ,
585 941 675 1015 adroic
691 943 897 1026 ieurqi'otreor
913 937 1003 1028 ήτοῦ
1021 943 1168 1008 θανάτου.
1194 939 1316 1008 9Ἐλεύ-

201 1065 295 1140 θερον
323 1051 379 1137 γὰρ
408 1053 458 1115 καὶ
488 1048 679 1127 αὐτεξούσιον
707 1051 844 1130 ἐπο1ησεν
875 1049 986 1136 ια’-θεὸς
1017 1051 1107 1117 ιοτὸν
1135 1051 1315 1142 ἄνθρωπον.

203 1163 271 1226 11Ὃ
296 1155 353 1227 οὖν
376 1163 474 1248 toarni
496 1159 722 1243 περιεποιήσατο
741 1156 778 1223 δι’
802 1149 936 1241 ἀμελείας
957 1162 1007 1224 καὶ
1029 1168 1200 1250 παρακοής,
1222 1169 1314 1226 τοῦτο

202 1353 247 1407 sed
273 1355 311 1406 eie
335 1351 565 1404 ratiocinabantur:
601 1349 648 1414 „Si
675 1347 737 1399 deus
774 1363 819 1400 suo
840 1337 942 1402 nomine
960 1350 1035 1414 bona,
1058 1364 1105 1418 qua
1127 1349 1202 1413 iusta,
1222 1352 1249 1400 et
1267 1350 1314 1402 ho-

202 1441 284 1492 honue
311 1439 337 1489 et
363 1435 493 1502 praescius
518 1434 595 1485 iuturi
619 1437 645 1483 et
664 1446 737 1483 arer-
773 1447 864 1485 norum
882 1433 1026 1486 defensoria
1051 1437 1076 1484 et
1095 1431 1243 1484 delictorum
1262 1434 1315 1485 ini-

200 1521 271 1576 tendi
290 1520 347 1572 maii
360 1525 461 1588 potens,
480 1532 525 1568 cur
538 1516 664 1567 hominem
679 1530 738 1581 pae—
773 1518 853 1584 mica,
879 1521 957 1586 atque
981 1521 1008 1569 tn
1028 1519 1077 1570 hec
1096 1517 1185 1570 ordine
1205 1517 1253 1570 deo
1267 1504 1313 1570 di-

202 1622 247 1660 sus
273 1609 314 1658 est
339 1604 389 1656 lehi
414 1602 445 1654 de
472 1601 593 1667 obsequio
621 1599 686 1666 legis
712 1601 738 1650 in
774 1601 852 1667 gna.“
873 1602 1014 1654 Heronem.
1068 1641 1071 1648 .

203 1695 311 1744 mortem
337 1689 534 1740 circumventum
561 1701 575 1737 a
602 1685 738 1737 diabotot“
842 1686 867 1739 7.
886 1684 993 1755 ἐπανιο]
1014 1688 1043 1740 G.
1059 1687 1102 1739 21.

201 1777 241 1828 lta
269 1771 433 1826 Marcionitae
463 1770 528 1837 apud
556 1770 738 1822 Tertullianum
843 1772 869 1824 8.
888 1772 925 1839 el]
944 1773 1023 1839 Vulgo
1036 1772 1116 1824 deest.
1137 1772 1214 1824 Solus
1228 1773 1313 1825 Hum-

203 1859 270 1914 Adr.
289 1859 369 1910 Mare.
385 1856 420 1908 11.
439 1870 460 1907 c.
480 1856 504 1908 d.
541 1855 625 1907 Huius
649 1855 738 1921 impie·
775 1857 833 1923 phr.
858 1857 884 1907 in
908 1861 982 1909 textu
1005 1857 1104 1925 poenite
1129 1855 1238 1908 debetur
1255 1858 1314 1909 hie-

202 1946 263 1998 tatie
286 1940 443 1995 refellendae
467 1939 550 1992 studio
575 1938 738 2005 Theophilus,
774 1942 830 1993 rent
853 1941 1032 2004 coniecturae,
1058 1957 1130 2009 quam
1151 1943 1226 1994 etiam
1245 1942 1311 1999 Dan.

203 2032 336 2097 postquam
355 2022 737 2094 demonstrevtecappneeed.
775 2041 797 2079 ι.
823 2026 913 2078 Coctia
945 2025 1187 2094 (Matnseher¹s
1214 2027 1312 2079 Lehrh.

202 2117 310 2167 mortem
333 2125 384 2163 uon
408 2109 455 2162 deo
479 2107 662 2162 attribuendam
681 2123 739 2160 esse
774 2112 799 2162 d
818 2112 874 2162 chr
891 2111 1098 2178 Dopmcnpeeeh.
1118 2111 1148 2162 P.
1166 2111 1186 2161 1
1197 2125 1229 2176 p.
1246 2111 1312 2177 335)

203 2198 248 2254 aed
266 2201 383 2266 peceato,
409 2211 475 2247 nunc
494 2193 609 2247 concedit
626 2195 741 2245 Ιιοαειιῑί-Ι
772 2196 880 2293 reecpit.
899 2195 1014 2250 Galiand.
1029 2196 1064 2296 (ρ.
1077 2198 1143 2250 Mar.
1158 2195 1219 2247 edit
1224 2196 1313 2263 Ven.)

202 2285 239 2338 ets
258 2282 332 2335 deum
356 2281 445 2332 mortis
470 2285 599 2332 auctorem
625 2280 738 2331 tuturum
773 2273 900 2346 τηρήσας
927 2283 985 2332 ante
1016 2277 1069 2380 τήν
1098 2276 1214 2348 teretes
1246 2281 1312 2335 maie

201 2370 294 2433 tuisse,
318 2368 340 2417 ei
360 2364 489 2436 mortalem
506 2364 632 2415 hominem
652 2377 737 2415 creas·
773 2364 865 2417 omisit.

203 2457 252 2506 eet.
289 2432 413 2503 Volabant
430 2448 506 2501 iidem
524 2449 646 2501 haeretici
663 2447 737 2500 deum
842 2447 866 2500 9.
885 2444 1089 2517 Ἐλεύθερον.
1099 2446 1176 2517 ,τήν
1193 2445 1313 2518 ἀφθαρ-

203 2536 379 2604 „conditorem
397 2534 505 2600 intelligi
521 2533 652 2595 malorum,
673 2537 739 2585 utet
773 2532 848 2600 oter]
884 2531 977 2586 citarit
1001 2534 1106 2586 itherius
1132 2537 1199 2588 hunc
1226 2537 1312 2607 locum

202 2623 312 2676 malitiae
344 2624 433 2674 auctor
465 2618 658 2672 renuntietur.“
703 2617 742 2670 At
773 2619 882 2669 loannes
908 2618 1023 2672 Damaso.
1056 2621 1082 2672 tu
1111 2622 1184 2674 Sacr.
1216 2621 1312 2674 Parati.

202 2709 265 2762 reite
288 2706 380 2772 probat
397 2703 570 2755 Tertullianus
596 2703 611 2752 t.
627 2718 649 2754 c.
667 2719 689 2753 c.
706 2701 738 2754 14
774 2702 853 2772 (opp.
867 2703 907 2756 ed.
921 2703 1044 2770 requiem
1063 2706 1095 2756 T.
1107 2705 1145 2772 li)
1161 2721 1185 2771 p.
1199 2705 1250 2758 315
1260 2721 1312 2773 sq„

197 2792 266 2854 ¹nihil
285 2805 329 2842 eos
347 2801 498 2855 promovere
525 2787 573 2838 nist
594 2789 656 2839 haee
673 2786 737 2862 maie
772 2789 815 2840 ubi
834 2789 859 2840 in
878 2803 957 2854 marg.
984 2804 1034 2841 non
1053 2791 1108 2842 stne
1134 2793 1204 2856 gravi
1223 2795 1311 2844 errato

150 2920 152 2923 .
202 2873 344 2927 hominibus
374 2886 424 2922 non
453 2872 525 2924 malis
554 2871 649 2923 inflicta
680 2885 737 2923 esse
772 2873 923 2925 adscribitur
949 2873 1209 2944 Eleutherfflo:
1242 2877 1311 2943 quod

202 2959 387 3013 demonstrent.
423 2956 496 3022 „Aut
519 2956 599 3025 proha
622 2960 648 3007 et
668 2955 738 3012 iuiu-
773 2957 873 3024 quidem
892 2971 985 3010 nomen
1003 2961 1099 3027 absque
1114 2960 1239 3013 dubioitli
1255 2963 1311 3014 uoci

202 3045 271 3112 ste‚“
289 3042 378 3110 inquit,
401 3046 447 3107 „ut
462 3042 554 3108 probes
570 3040 678 3092 malitiae
692 3039 736 3090 de·
771 3037 948 3107 Ἐλεύθερον,
969 3057 1015 3110 qua
1034 3045 1106 3097 locus
1119 3045 1209 3112 incipit
1223 3046 1320 3097 Theo.

202 3126 323 3195 putanda,
339 3125 364 3178 td
378 3130 418 3178 est
436 3125 574 3185 iniustitiae
588 3123 659 3186 mata,
680 3125 736 3190 quta
773 3127 910 3201 philtanus,
929 3128 1052 3194 originem
1071 3129 1155 3184 dehet.

201 3214 224 3266 ei
253 3213 365 3265 iustitiae
391 3215 481 3274 erunt,
512 3211 560 3261 iam
591 3209 654 3261 maia
686 3223 736 3260 non
841 3210 883 3264 10.
901 3208 964 3280 cdv]
980 3215 1308 3282 lineamentorum-

202 3301 292 3360 erunt,
312 3295 357 3348 sed
376 3295 455 3357 hona,
474 3293 546 3347 matie
566 3292 737 3345 tantummode
772 3295 833 3348 dose
851 3299 1090 3365 praetermiserunt.
1115 3300 1205 3353 loann.
1220 3301 1308 3367 Dante

201 3379 294 3434 mele‘·
328 3381 395 3432 Hine
420 3379 481 3431 duas
506 3378 638 3444 distinguit
657 3379 736 3430 mato
770 3374 917 3446 Ἐποίησεν
944 3375 959 3435 ὁ
983 3379 1129 3444 decimaris
1152 3377 1309 3450 dodonaeo

200 3480 257 3517 rum
282 3466 393 3531 spectas,
420 3463 483 3514 mala
507 3461 595 3530 eulpae
622 3466 648 3515 et
672 3461 735 3514 mala
771 3459 921 3531 ἐλεύθερον
938 3467 986 3519 καὶ
1005 3463 1199 3532 αὐτεξούσιον.

200 3564 312 3619 poenae:
341 3549 456 3614 agnoscit
483 3552 630 3614 „auctorem
657 3549 735 3600 malo·
838 3548 880 3603 11
898 3542 1020 3620 Ὃοῦν]
1049 3554 1116 3606 Geli
1141 3570 1196 3606 cum
1220 3557 1308 3610 ioann.

200 3647 256 3684 rum
280 3631 380 3699 quidem
404 3633 500 3700 peceati
526 3636 550 3684 et
575 3631 661 3698 eulpae
682 3631 734 3684 dia·
769 3634 841 3687 Daui.
860 3639 957 3688 temere
971 3640 1073 3705 ecrrpsrt
1089 3632 1204 3693 evocet
1216 3641 1308 3695 demde

197 3700 297 3781 bolum,
327 3717 447 3769 malornm
477 3732 538 3770 vero
567 3718 683 3784 supplicii
710 3723 736 3770 et
770 3718 904 3786 ὃαρῆται.
934 3721 1030 3774 Locum
1049 3723 1160 3776 editores
1181 3731 1208 3778 et
1227 3728 1308 3779 inter-

198 3815 295 3868 poeuae
314 3800 387 3852 deum
401 3803 550 3865 creatorem,
570 3807 598 3853 ut
616 3800 657 3853 illa
675 3816 734 3866 pers
770 3807 858 3870 protes
878 3818 930 3855 non
949 3805 1141 3861 intellexerunt.
1178 3809 1308 3864 Reddtde—

197 3887 307 3940 maiitiae
322 3887 466 3966 deputetur¹
484 3888 531 3936 iste
545 3886 655 3938 iustitiae
669 3887 731 3940 mata
768 3891 843 3939 runt:
873 3888 967 3954 „Quod
986 3891 1061 3943 sthi
1053 3908 1109 3963 ipse
1128 3896 1323 3962 accersiverat·

196 3971 328 4026 condentis
355 3967 446 4022 iudicia
465 3968 587 4020 adversus
606 3971 668 4022 mala
686 3971 731 4024 de·
767 3973 791 4024 td
813 3975 843 4027 ⁴et
869 3990 936 4029 nunc
961 3977 1037 4034 donat
1063 3980 1157 4046 (hiera
1185 3982 1307 4050 redonat)

195 4057 257 4110 lieti.
380 4053 450 4117 Quae
474 4053 573 4119 quidem
598 4055 648 4109 iltis
669 4056 732 4110 mala
767 4056 858 4110 deus.“
908 4060 1012 4128 tieem,
1045 4063 1161 4130 Romal,
1195 4067 1304 4134 interpr.

100 4148 102 4152 ’
196 4144 256 4192 sunt
284 4139 373 4208 quibus
401 4136 592 4205 rependuntur,
620 4145 731 4194 ceterum
767 4143 871 4218 camp:
904 4147 984 4210 „Was
1007 4163 1035 4200 er
1053 4149 1108 4201 sich
1126 4149 1207 4203 selbst
1225 4167 1304 4218 zuge-
