2836 4852
461 266 529 329 -An
551 265 796 331 turonicum
818 266 896 331 tra.
909 261 954 329 ’11
1225 266 1267 335 81

147 440 267 520 gennit
294 455 365 500 enm
392 454 460 500 eum
484 455 541 500 ana
569 441 725 518 sapientia
752 439 921 520 proterens
949 442 1023 499 ente
1044 438 1157 503 emnia.
1201 440 1268 506 line

157 551 233 628 lege
254 566 330 611 nans
352 551 401 611 est
424 548 608 609 administra
630 564 759 628 eperum
781 564 917 625 enorum,
939 550 972 608 et
992 565 1051 627 per
1070 567 1141 612 enm
1163 550 1268 614 emnia

147 659 243 720 feeit.
286 658 342 718 ilie
371 661 504 720 venatur
532 659 738 737 principium,
769 659 841 734 quia
872 658 1082 735 prineipatnm
1111 658 1204 721 habet
1234 665 1267 723 et

156 769 346 830 dominatum
375 767 508 827 emnium
539 784 620 844 qnae
642 784 700 846 per
723 769 824 845 ipsum
853 769 978 828 eondita
1000 771 1081 829 aunt.
1125 768 1267 849 1110ἰεί-

146 881 218 958 tur,
241 894 334 954 qnnnn
359 877 401 936 sit
425 873 557 954 spiritua
580 878 635 938 dei
655 879 687 938 et
709 877 896 955 prineipinm
918 879 952 937 et
973 878 1129 956 sapientia
1151 882 1184 940 et
1198 881 1267 940 vir·

154 991 207 1051 tna
230 988 392 1063 altissimi,
413 987 626 1047 descendebat
646 988 679 1047 in
701 986 876 1065 prophetas
898 989 931 1046 et
954 1003 1013 1066 per
1033 1003 1090 1049 eoa
1112 989 1153 1049 de
1173 1004 1266 1050 erea-

154 1097 241 1158 tiane
271 1097 377 1158 mnndi
409 1095 608 1172 eaeterisque
640 1096 738 1156 rebus
770 1095 912 1155 omnibns
945 1096 1144 1172 loquebatur.
1197 1097 1267 1160 Non

152 1207 235 1267 eninr
258 1209 349 1266 erant
376 1205 554 1285 prophetae
584 1222 677 1282 quum
698 1206 829 1267 mundun
857 1207 1035 1283 oneraretur,
1063 1207 1121 1267 sed
1146 1208 1266 1268 tantuna

152 1316 309 1394 sapientia
337 1316 391 1376 dei
422 1332 503 1392 qnae
534 1318 584 1375 est
613 1316 644 1374 in
672 1330 711 1374 ee
740 1317 773 1374 et
801 1315 895 1392 leges
918 1316 1045 1375 sanetus
1068 1315 1136 1376 ains
1159 1318 1212 1394 qui
1235 1317 1267 1377 ei

151 1441 279 1502 semper
300 1425 401 1485 adest.
437 1425 516 1485 ilina
537 1427 571 1484 et
593 1441 652 1501 per
674 1423 872 1484 Salomonem
895 1423 1084 1502 prophetam
1105 1425 1153 1485 siu
1172 1425 1264 1486 dieit:

155 1533 256 1604 Quum
280 1539 487 1612 praepararet
518 1531 651 1602 coeterae,
680 1551 742 1592 uua
769 1530 895 1593 aderam
920 1534 965 1600 ei,
998 1538 1028 1593 ei
1057 1552 1145 1613 pamm
1173 1535 1266 1614 firma

152 1644 274 1722 suamet
294 1640 498 1720 fundamenta
521 1651 635 1709 terrae,
666 1659 748 1700 mam
779 1659 846 1702 eum
875 1661 912 1702 ao
941 1632 1115 1720 disponeres.
1159 1643 1265 1705 Moses

151 1895 232 1962 terpr.
260 1890 361 1961 (temp.)
394 1889 435 1942 vei
465 1894 593 1942 erstes
619 1888 692 1942 Ge·
729 1891 754 1940 et
772 1889 934 1955 sapientiam:
964 1904 1014 1958 que
1038 1888 1191 1958 quidem'iu
1210 1889 1265 1944 ieee

154 1975 278 2044 sehipi
304 1975 406 2042 (Lange
429 1973 508 2044 duas.
537 1975 693 2028 derelictio
727 1975 861 2041 periniqua
887 1975 1008 2028 Petavius
1033 1975 1143 2028 vernum
1167 1980 1195 2030 et
1211 1975 1267 2029 ¹Se·

154 2063 181 2116 d.
196 2060 317 2128 Depmeu
332 2062 361 2113 P.
372 2063 392 2115 1.
408 2076 433 2129 p.
445 2060 509 2127 271)
530 2059 569 2111 vei
588 2059 692 2111 lierr-
726 2059 845 2127 pientiam
866 2073 914 2128 pre
933 2074 982 2112 una
1001 2060 1065 2113 sumi
1081 2074 1191 2129 persona
1202 2075 1266 2130 que-

154 2145 265 2198 seheit
289 2145 397 2212 (Clerie.
418 2145 516 2197 Hister.
536 2145 599 2199 ecel.
618 2143 692 2196 duur.
726 2136 800 2195 ritur.
837 2144 976 2205 Nemeum
996 2146 1115 2216 spiritum
1134 2145 1206 2217 multi
1225 2145 1266 2198 aiii

153 2231 230 2299 prim.
245 2244 312 2282 saec.
328 2245 353 2297 p.
367 2226 418 2281 719
436 2233 461 2280 et
475 2228 629 2296 linientem),
647 2227 692 2280 sed
727 2231 813 2294 patres
835 2230 984 2295 sapientiam
1011 2226 1211 2298 appellaverint,
1239 2235 1267 2283 ut

155 2314 296 2382 Princip
324 2313 382 2365 der
400 2312 486 2364 Welt
512 2312 568 2378 (lib.
588 2313 607 2364 1.
627 2328 648 2364 e.
667 2311 693 2364 3.
729 2312 849 2383 irenaeus
868 2314 914 2365 111.
941 2314 1023 2367 eti.
1043 2313 1069 2382 §.
1088 2313 1113 2369 1.
1140 2315 1182 2368 iv.
1202 2311 1266 2370 ei.

155 2415 181 2453 n.
201 2398 240 2465 1).
269 2400 384 2469 Respicit
399 2398 558 2469 *Theophilus
575 2397 606 2451 ad
627 2397 693 2450 Gen.
729 2395 755 2462 §.
775 2394 800 2448 4.
827 2414 850 2449 e.
868 2396 910 2450 20.
937 2399 998 2466 §.1
1028 2398 1097 2466 [reli.
1117 2398 1221 2468 Origen.
1243 2416 1265 2452 c.

155 2484 228 2550 1,1
261 2484 305 2550 (ci.
331 2498 356 2534 n.
376 2482 438 2549 13),
474 2483 635 2550 neutiquam,
667 2486 696 2533 ut
730 2479 798 2532 cels.
818 2483 860 2533 Vi.
881 2498 901 2534 e.
920 2480 983 2549 09],
1009 2497 1054 2535 eur
1074 2481 1140 2534 idem
1165 2500 1215 2537 nen
1234 2485 1266 2536 li·

156 2567 232 2622 weit.
246 2566 409 2635 etiiumphr.
423 2570 554 2636 putarunt,
570 2566 600 2619 ad
615 2568 694 2633 Aper.
729 2566 782 2618 enit
805 2567 966 2636 Theepiriiei
1003 2567 1067 2618 Erat
1091 2568 1115 2618 ei
1141 2568 1202 2620 haee
1226 2568 1267 2621 le-

157 2655 190 2721 1,
208 2653 233 2706 8.
730 2648 822 2718 quendi
842 2652 908 2703 ratio
926 2650 1065 2703 familiaris.
1096 2650 1160 2702 Nem
1179 2655 1206 2703 et
1222 2652 1265 2704 iit.

226 2738 252 2790 8.
284 2730 324 2790 eiu
342 2738 453 2804 πνεῦμα
470 2734 555 2804 θεοῦ]
586 2736 694 2788 Nomine
729 2735 751 2787 1.
771 2751 791 2788 e.
810 2735 826 2787 7
845 2736 948 2788 verbum
968 2739 994 2789 et
1012 2735 1179 2803 sapientiam,
1207 2751 1267 2790 ver-

155 2817 318 2889 mae'peeoe
334 2824 376 2874 hie
395 2835 446 2874 nen
461 2834 572 2889 persana
587 2820 694 2890 spiritus
730 2822 787 2874 bum
807 2827 832 2874 et
849 2822 983 2890 spiritum,
1002 2811 1149 2889 distinguit,
1173 2826 1200 2875 et
1218 2822 1266 2875 hee

154 2908 237 2961 saneti
265 2906 312 2959 aed
338 2905 480 2974 spiritualis
509 2907 621 2958 essentia
649 2904 694 2957 filii
728 2907 785 2974 ipse
802 2907 828 2958 iu
844 2907 899 2960 laea
918 2905 981 2958 deus
1000 2905 1103 2958 verbum
1121 2913 1265 2960 tnumeum

153 2990 329 3058 significatur,
356 2996 384 3043 ut
407 2990 493 3042 menni
517 2990 548 3042 ad
567 2990 694 3058 Athenng.
728 2991 850 3058 sapientia
869 3005 914 3043 sua
933 2992 1052 3057 genuisse
1070 2991 1173 3044 dicitur.
1203 2992 1264 3046 ilde

99 3146 103 3152 Ι
153 3077 172 3128 1.
194 3058 217 3128 d.
242 3090 263 3128 e.
283 3074 326 3130 10.
351 3091 377 3136 ιι.
396 3074 421 3129 0.
456 3075 496 3127 Gi.
516 3075 617 3128 Deruer
641 3075 694 3128 Dte
729 3075 794 3129 inira
813 3092 835 3128 e.
850 3074 891 3128 18.
911 3073 1061 3130 Murenae,
1082 3076 1121 3129 (ii.
1140 3092 1161 3129 e.
1178 3077 1220 3130 15.
1238 3093 1263 3129 ιι.

154 3161 241 3216 Latere
256 3177 310 3215 una
328 3162 376 3214 der
389 3161 493 3213 Peraea
508 3161 612 3213 Christi
629 3161 657 3212 Ρ.
674 3161 693 3214 Ι.
730 3159 770 3214 10.
789 3191 822 3200 -
853 3161 916 3214 cnm
943 3163 1027 3214 verbis
1053 3160 1082 3216 te
1108 3156 1184 3231 αὐτῷ
1211 3160 1265 3216 neii

157 3245 512 3315 (srutug.1845)p.210.-
532 3246 629 3298 Kahnis
645 3246 662 3298 1.
672 3261 693 3298 c.
728 3250 866 3317 praeeunte
887 3244 1003 3299 semlere
1023 3245 1115 3316 (de.
1137 3247 1263 3300 Bemm-

154 3347 181 3401 p.
199 3331 268 3386 2352
296 3332 378 3400 „Hier
403 3332 437 3383 ist
461 3331 506 3384 der
524 3331 609 3398 Leges
631 3332 694 3384 euch
728 3333 888 3398 parten’e
918 3332 1135 3399 Uetereueiutnp-
1150 3332 1263 3400 tteeiep.
1363 3370 1365 3375 -

154 3417 221 3470 nach
245 3418 343 3470 seinem
369 3417 557 3469 Heruertreten
581 3415 618 3468 als
638 3417 693 3482 try-
729 3416 885 3484 serenate.
912 3416 941 3469 P.
961 3415 1103 3483 111101)
1129 3416 1264 3470 subaudire

153 3506 259 3571 pestere
294 3498 389 3569 (λόγος
424 3496 614 3568 προφορικός)
649 3501 694 3554 das
728 3497 822 3573 κόσμῳ
844 3500 891 3553 eed
915 3501 954 3570 τῷ
972 3501 1042 3569 θεῷ.
1077 3501 1141 3554 Nem
1159 3501 1265 3572 respicit

154 3600 207 3640 was
234 3586 280 3641 der
298 3586 383 3652 Leges
408 3600 440 3638 an
465 3587 520 3638 eici
545 3586 578 3638 im
605 3584 694 3653 30011-
729 3585 884 3653 Theophilus
901 3583 931 3637 ad
948 3585 1030 3636 laeum
1048 3579 1125 3636 Pron.
1144 3586 1186 3653 qui
1202 3599 1265 3654 pre·

155 3671 223 3724 ehen
251 3671 346 3723 wesen
376 3672 410 3724 iet
439 3665 534 3737 (λόγος
561 3666 693 3725 dederitis·
727 3670 794 3723 xime
815 3670 936 3721 aiiertnra
955 3665 1143 3736 συμπαρήμην
1161 3663 1246 3739 αὐτῷ.

155 3756 231 3824 ene),
249 3756 357 3809 nimlieh
378 3755 461 3821 Geist,
482 3756 624 3808 Weiaireit“
643 3759 692 3809 eie.
796 3754 837 3807 10.
863 3749 966 3822 οὕτως]
992 3755 1158 3823 Ven.;nutp.
1179 3749 1263 3809 οὕτω.

155 3841 195 3894 Gi.
214 3856 237 3894 t.
249 3837 284 3893 22
302 3843 340 3906 (n.
354 3839 395 3907 ὁ).
798 3838 839 3890 11.
849 3833 946 3892 ‘Heium
1003 3832 1176 3906 ἁρμόζουσα]
1186 3841 1262 3893 Prev.

224 3923 249 3979 0.
274 3918 402 3994 ἡσοφία
428 3920 495 3993 ἡέν
512 3919 588 3992 αὐτῷ
608 3914 692 3992 οὖσα]
727 3922 759 3988 8,
778 3923 821 3976 27.
837 3921 880 3977 29.
897 3952 932 3962 -
963 3918 1057 3977 Pred'
1082 3926 1158 3993 (Van.
1180 3923 1262 3988 nott,

156 4009 280 4077 Spiritum
298 4015 414 4062 sanctum
439 4009 478 4062 his
504 4008 587 4060 verbis
612 4010 692 4061 meni·
728 4007 809 4061 Gesn.
830 4009 921 4076 Weli.)
941 4010 1035 4063 hebent
1056 4011 1122 4064 liar.
1141 4005 1181 4074 di,
1197 4007 1263 4060 lieli.

79 4103 84 4116 '
154 4095 221 4148 ieste
246 4089 371 4163 'designat
404 4093 570 4161 theophilus.
618 4092 692 4146 Unde
727 4091 918 4162 01301001.
928 4095 1052 4165 ilumpnr.
1066 4093 1110 4164 δὴ.
1129 4092 1263 4163 Apudse-

155 4179 263 4235 triadem
282 4179 392 4250 appellat
411 4194 433 4232 e.
451 4177 485 4232 tt
503 4177 592 4245 deum,
616 4177 692 4246 lesen
726 4180 857 4250 praegrata
870 4179 944 4236 deest
956 4181 1089 4250 particula.
1109 4181 1170 4234 lien
1185 4172 1263 4249 airei-

189 4270 268 4340 cerp.
289 4269 374 4340 Apelt.
397 4270 452 4324 vet.
472 4270 542 4325 virt.
598 4267 600 4273 '
1038 4276 1057 4334 6
