2836 4852
147 446 213 487 m
230 432 401 488 male
417 423 527 486 tollere
541 427 751 488 waiam
770 444 866 492 m,
889 420 949 483 boe
967 422 1020 482 est
1038 423 1178 482 raom
1197 421 1265 484 ho-

148 537 262 597 nien
283 535 493 610 derelinquat.
543 536 606 597 Vae
631 540 734 594 m
761 533 1016 613 munilia.
1057 531 1116 591 llio
1136 533 1264 609 signifi-

149 649 261 706 eaeter
281 644 388 720 quiin
407 644 505 703 eorde
525 644 704 719 coneipiunt
724 643 854 717 aliquod
876 659 957 719 opus
977 644 1120 701 metu·
1132 645 1168 700 et
1182 658 1264 718 per·

149 755 245 814 terre
274 754 354 813 illud
383 769 479 811 eausa
506 753 662 811 avaritiae
683 752 899 827 dissimulant,
926 767 967 810 eo
987 752 1093 810 antem
1112 750 1263 826 ngleeto

149 863 218 922 voti
239 863 289 922 sui
314 862 416 921 veluti
442 866 657 938 praegnantes
679 863 830 921 existunt.
874 858 1041 920 [κωπίω
1061 863 1167 918 ante·
1186 864 1263 919 sut

149 972 205 1047 qai
227 972 335 1031 (liviae
361 973 536 1048 praerepta
561 971 760 1050 negligenter
787 971 902 1028 ‹loeent
930 971 986 1027 aut
1014 969 1142 1044 sapiunt
1173 961 1218 1002 ¹³⁵
1228 972 1263 1028 ut

149 1081 285 1157 parvuli,
307 1081 421 1154 quibus
443 1095 524 1154 „uon
546 1079 667 1139 solidus
689 1080 779 1138 eibos
800 1079 858 1136 sed
880 1075 951 1135 lao“
972 1078 1186 1135 necessarium
1202 1081 1264 1135 est.

153 1186 250 1248 Orate
276 1206 314 1247 ne
340 1188 401 1268 fiat
428 1189 509 1266 supe
530 1195 630 1247 oestro
650 1187 755 1270 hyena
775 1185 825 1246 eet
840 1187 987 1245 mileto.-
1015 1187 1047 1244 id
1073 1189 1125 1244 est
1144 1201 1185 1245 ne
1206 1202 1264 1246 re-

149 1294 343 1374 frigescente
362 1295 520 1357 alteritate
539 1298 580 1356 ad
600 1298 807 1377 gentilitatem
829 1295 1016 1368 revertaris,
1036 1298 1091 1353 aut
1107 1295 1263 1357 iudaiereo

150 1407 351 1466 mentiens
377 1421 418 1465 ex
445 1409 621 1483 praecepto
652 1405 830 1466 antichristi
860 1404 1026 1463 sabbatum
1053 1404 1158 1476 oolas3
1191 1404 1263 1462 eive

150 1512 205 1573 lie
224 1530 338 1575 sensus
357 1518 425 1574 est:
448 1531 488 1574 ne
508 1519 642 1592 propter
663 1516 868 1592 asperitatem
890 1513 1044 1588 temporis
1066 1511 1169 1588 frigus
1186 1513 1263 1572 fidei

149 1624 328 1700 patiamini,
358 1627 414 1683 aut
444 1625 475 1682 in
505 1625 631 1684 sabbati
662 1626 728 1684 otio
756 1623 934 1684 devotionis
964 1622 1107 1680 timorem
1138 1621 1263 1680 minime

150 1746 282 1814 servare
302 1732 434 1809 possitis
455 1734 506 1793 vel
529 1736 617 1793 eerte
638 1735 862 1811 persecutores
883 1731 1021 1792 evadere
1036 1745 1097 1787 uon
1114 1730 1262 1788 valeatis.

151 1833 256 1900 ¹³⁶De
284 1840 338 1900 (lie
365 1840 423 1901 illo
451 1849 551 1902 uatem
579 1839 629 1902 eei
655 1840 734 1900 horo
759 1860 847 1899 nemo
867 1842 936 1899 seit.
981 1839 1070 1898 llieur
1089 1838 1261 1897 ethoram

150 1947 229 2011 deus
251 1965 287 2008 se
309 1953 427 2010 tantum
447 1952 540 2027 seire,
561 1968 623 2009 non
644 1950 799 2009 homiuem
816 1949 926 2024 voluit,
947 1952 980 2009 et
1000 1948 1072 2007 ideo
1090 1963 1148 2004 neo
1164 1947 1261 2006 tilium

150 2049 230 2113 dixit
251 2058 351 2131 seire,
382 2062 417 2116 ut
439 2059 686 2134 improbitatem
700 2057 863 2117 humanam
890 2059 922 2115 in
950 2057 1055 2116 iudicii
1078 2056 1176 2114 divini
1205 2072 1263 2115 ou·

149 2162 237 2223 riosa
260 2165 461 2239 inquisitione
483 2166 706 2241 coufunderet,
735 2183 802 2225 oum
832 2167 927 2225 lilium
949 2164 1083 2223 hominis
1112 2163 1172 2223 hoo
1202 2181 1262 2222 ne-

150 2270 232 2332 seire
260 2272 403 2334 (linisset.
448 2272 613 2334 Caeterum
639 2276 723 2334 lilius
754 2275 821 2351 dei,
852 2276 904 2350 qui
932 2274 1010 2332 deus
1039 2290 1080 2330 ex
1109 2273 1170 2331 deo
1201 2276 1263 2346 est,

149 2378 210 2440 hoo
238 2380 387 2457 ignorare
414 2399 475 2440 non
504 2385 648 2459 poterat,
677 2385 793 2460 quippe
820 2384 917 2442 dixit:
947 2376 1131 2457 ¹³⁷„0mnia
1158 2382 1261 2456 patris

148 2503 218 2548 mea
250 2490 351 2550 sunt.“
397 2491 430 2550 Si
453 2507 531 2568 ergo
560 2495 674 2550 natura
702 2494 804 2568 patris
835 2493 866 2550 in
895 2493 959 2550 filio
989 2493 1077 2565 erat,
1108 2491 1262 2551 solentiae

148 2599 260 2657 natura
283 2600 479 2676 degenerare
499 2615 560 2658 uon
582 2604 726 2676 poterat:
750 2617 828 2678 ergo
851 2601 999 2660 divinitas
1020 2615 1082 2658 una
1103 2599 1206 2674 patris
1229 2601 1263 2658 et

148 2703 206 2767 llil
228 2706 308 2767 (lieux
332 2709 493 2769 ethoram
516 2712 650 2767 noverat
672 2727 761 2784 quarn
784 2711 914 2784 creavit,
936 2725 995 2767 non
1015 2710 1144 2784 potarat
1157 2708 1262 2767 autem

129 2817 246 2875 nosse
275 2815 407 2876 humana
438 2818 597 2894 fragilitas
625 2819 709 2892 quod
737 2819 859 2878 utiliter
888 2816 1063 2893 ignorabat.
1118 2808 1162 2850 ¹³⁸
1179 2815 1264 2875 Tunc

149 2930 236 2982 erum
265 2922 328 2984 duo
358 2926 390 2984 in
419 2946 515 3005 apro:
544 2946 619 2985 unus
646 2933 810 2986 assumetur
834 2933 863 2986 et
887 2924 965 2985 oller
985 2923 1181 3003 relinquetur.
1226 2923 1262 2980 In

147 3045 228 3108 agro
256 3037 330 3093 suot
359 3035 411 3110 qui
440 3035 617 3112 gubernant
640 3037 821 3111 eeclesiam,
852 3038 886 3094 ut
908 3035 953 3092 ait
975 3028 1101 3092 sanutus
1125 3031 1261 3090 Paulus:

150 3131 293 3217 ¹³⁹„llgo
315 3144 475 3220 plantavi,
498 3144 617 3220 Apollo
640 3145 774 3219 rigavit,
797 3145 874 3203 deus
894 3144 1115 3201 inerementum
1139 3139 1261 3200 dedit.“

150 3238 279 3308 ¹⁴⁰Deo
300 3251 334 3308 in
354 3248 445 3310 lecto.
480 3251 513 3309 ln
536 3253 620 3311 looto
642 3269 715 3312 osse
736 3251 903 3311 monachos
919 3250 1073 3327 signifieat
1086 3249 1138 3323 qui
1155 3249 1264 3310 aurant

150 3353 303 3431 quietem,
332 3358 428 3416 alieni
459 3360 633 3420 atunultu
663 3362 790 3437 generis
821 3359 943 3420 humani
972 3361 1005 3416 et
1034 3357 1158 3420 domino
1188 3345 1263 3414 eor-

149 3461 291 3540 vlentes,
320 3465 403 3525 inter
428 3484 506 3543 quos
529 3472 601 3527 sont
623 3469 695 3528 boni
717 3472 749 3528 et
771 3470 854 3528 mali.
897 3468 960 3526 Per
983 3461 1147 3524 ¹⁴¹molum
1168 3480 1263 3525 muo-

149 3568 220 3631 rlum
251 3572 368 3635 indicat
396 3579 429 3637 ot
455 3594 511 3636 eos
535 3578 586 3652 qui
610 3579 771 3638 mundanis
794 3577 916 3637 actibus
938 3576 1159 3645 conteruntur3
1190 3589 1262 3633 uam

149 3678 231 3743 siout
257 3683 339 3743 mola
372 3687 493 3746 duobus
518 3684 674 3762 lapidibus
699 3689 840 3761 constat,
869 3687 911 3743 ita
941 3684 1025 3743 alter
1047 3681 1185 3758 populus
1211 3681 1263 3743 ine

204 3888 264 3942 1³5.
284 3894 310 3942 ul
328 3893 438 3961 parvuli]
460 3895 546 3949 lilor.
566 3895 591 3960 3,
611 3893 686 3948 1-2.
776 3893 834 3945 138.
857 3892 930 3944 Turro
945 3889 1007 3956 elo]
1028 3888 1117 3940 llallh.
1135 3885 1178 3952 24,
1197 3885 1240 3938 tl).

205 3972 265 4028 136.
286 3975 326 4028 lle
345 3977 407 4044 eto]
427 3979 519 4030 lloltlr.
538 3979 580 4045 24,
599 3979 641 4032 36.
774 3977 835 4031 139.
854 3977 909 4041 Ego
976 3971 1058 4039 dedit]
1079 3973 1093 4022 1
1111 3970 1170 4023 Gor.
1189 3971 1216 4037 3,
1233 3970 1259 4022 li.

199 4057 260 4111 1³7.
291 4060 380 4116 Onon
496 4063 568 4131 eunt]
598 4066 686 4120 loono.
774 4061 832 4115 140.
852 4057 993 4126 Boeoto]
1013 4057 1075 4108 Luo.
1095 4055 1200 4121 17,34.

149 4136 191 4206 1⁰,
210 4142 251 4195 1⁵·
776 4145 834 4200 141.
853 4142 962 4211 moram]
984 4143 1074 4195 norun.
1093 4140 1136 4204 ol,
1155 4140 1199 4193 rr.
