2836 4852
148 246 216 319 an
303 244 317 299 .·
455 197 680 314 mnonnnn
699 247 951 314 nnrtocnnrn

182 446 185 451 ’
240 418 544 484 ¹²⁴1ccaa'oacendit
565 422 599 481 in
619 425 769 492 montem,
797 422 831 482 id
854 423 966 482 estad
988 417 1185 482 maiestatem
1208 438 1272 499 pa·
1338 474 1340 478 ⁴

154 525 239 610 trie,
254 538 285 593 et
306 530 404 594 coitur
425 533 488 592 oica
511 532 687 592 immutetur
708 538 772 601 eat,
802 529 835 589 id
857 532 909 591 est
930 530 1048 591 maiore
1071 531 1120 590 sai
1143 530 1272 591 luminis

154 642 318 717 claritate,
347 657 387 700 ne
409 640 556 716 discipuli
586 640 626 699 dc
657 640 727 715 ipso
755 639 859 699 adhuc
881 640 1071 700 dubitarent.
1115 637 1194 699 Nam
1219 641 1272 699 di-

153 753 247 812 xerat
275 752 384 810 sancto
416 747 531 808 Petro:
570 743 787 824 ¹²¹?„Modicae
819 747 910 824 fidei,
943 765 1041 823 quaro
1073 747 1271 808 dubitastii“

153 859 218 918 Per
238 865 347 919 vestem
372 856 472 936 ipsius
495 854 690 935 splendidam
712 856 957 934 assumptionem
979 857 1160 916 sanctornm
1180 855 1272 917 tutn-

153 985 220 1029 ram
251 969 375 1045 indicit,
405 984 465 1045 per
494 968 556 1027 tric
578 983 656 1027 vero
681 964 875 1027 tabernaculo
900 966 1074 1024 triduanam
1097 964 1271 1025 habitatio-

153 1092 224 1138 nem
245 1077 404 1153 passionis
426 1073 565 1136 ostendit
589 1077 658 1136 sive
681 1076 832 1135 trinitatis
853 1074 996 1151 figuram.
1016 1111 1018 1114 .
1035 1102 1049 1128 a

240 1180 431 1247 ¹²⁶Facilina
452 1193 496 1245 eat
518 1183 662 1245 camelum
682 1203 742 1263 per
761 1186 904 1263 foramen
926 1203 999 1243 noas
1021 1183 1153 1243 transire
1180 1203 1272 1263 mmm

155 1293 280 1354 divitem
310 1295 428 1354 intrare
456 1295 489 1354 io
515 1312 642 1373 ocyorem
669 1291 831 1354 coelorum.
874 1291 938 1352 Per
967 1292 1096 1352 divitem
1120 1291 1273 1369 populum

155 1403 311 1481 significat
328 1402 531 1479 Indaeorum,
546 1403 599 1478 qni
621 1418 689 1461 cnm
716 1401 836 1462 divitiis
861 1418 1011 1480 egressos
1033 1401 1084 1459 est
1101 1400 1142 1460 de
1157 1401 1273 1478 Acgy-

155 1512 212 1589 pto
234 1512 331 1572 etde
354 1528 416 1588 qno
438 1512 557 1587 legitur
587 1503 785 1586 ¹²⁷„Divitee
814 1513 969 1587 eguerunt
997 1511 1031 1570 ct
1051 1509 1270 1585 esurierunt;“

154 1636 214 1697 per
235 1621 386 1680 camelum
408 1622 511 1679 autem
534 1619 682 1696 gentilem
704 1619 855 1695 poputum
878 1619 971 1696 dicit,
999 1618 1078 1678 nihil
1099 1617 1272 1679 habentem

154 1731 273 1799 rectum
303 1730 526 1808 gerentcmque
554 1728 708 1788 sarcinam
736 1730 936 1803 peccatorum
970 1745 1008 1788 ac
1038 1744 1097 1805 per
1126 1728 1270 1789 toramen

155 1853 231 1898 acus
259 1838 446 1913 intrantem,
477 1837 510 1895 id
540 1838 590 1895 ost
617 1853 677 1912 per
704 1837 822 1897 arctam
850 1837 932 1895 viam
962 1837 1158 1898 incedentem
1187 1854 1271 1914 qnae

154 1948 241 2007 ducit
266 1947 307 2007 ad
336 1962 466 2023 rognum
488 1945 658 2004 coelorum.
701 1943 778 2004 Nam
799 1946 832 2004 et
854 1944 948 2004 Iudas
968 1947 1009 2005 de
1032 1947 1136 2024 pretio
1157 1948 1271 2023 perdi-

154 2055 250 2115 tionis
275 2056 365 2115 dives
388 2053 449 2113 init
470 2051 528 2111 sed
550 2053 645 2111 vitam
670 2054 831 2112 aeternam
850 2069 911 2113 non
934 2055 1059 2115 meruit.
1084 2096 1087 2101 -

232 2156 288 2219 ,¹²⁸
302 2159 410 2221 Simile
431 2166 476 2219 cet
492 2178 618 2237 aeonum
645 2158 798 2222 coeloram
821 2161 936 2222 homini
955 2164 1193 2243 patrifamiliae,
1217 2167 1272 2246 qai

155 2273 234 2332 exiii
259 2272 364 2350 primo
385 2287 472 2329 mone
493 2266 662 2329 conducere
692 2272 851 2350 operarios
874 2273 906 2331 in
928 2273 1044 2333 cineam
1065 2292 1158 2333 neom.
1204 2274 1270 2335 Pa·

154 2379 344 2440 terfamilias
365 2377 509 2438 Christus
532 2381 598 2454 est,
630 2380 684 2454 qui
705 2377 870 2456 operarios
897 2382 1043 2441 conducit
1066 2383 1174 2459 etqui
1196 2400 1270 2443 cre-

156 2490 268 2550 dentes
288 2487 412 2565 oolligit
434 2487 469 2546 ut
487 2487 663 2546 mercedem
683 2504 759 2547 snae
781 2491 958 2550 sanctitatis
979 2490 1153 2568 accipiant,
1173 2493 1269 2553 vinea

156 2614 236 2659 vero
256 2596 436 2658 obedientia
458 2595 541 2672 legis
563 2598 629 2672 est,
652 2596 799 2656 denarius
821 2600 923 2658 autem
940 2600 1004 2658 vita
1020 2601 1160 2660 aeterna.
1194 2600 1271 2661 Pri-

154 2725 226 2769 mae
247 2705 344 2768 horae
363 2705 502 2782 operarii
522 2704 662 2781 virgines
682 2707 755 2764 eunt
775 2706 828 2781 qni
848 2723 883 2766 se
904 2707 1045 2767 laborem
1067 2710 1213 2785 corporis
1236 2712 1271 2769 ct

155 2816 295 2875 calorem
315 2815 437 2892 primae
458 2814 572 2872 aetatis
595 2813 753 2872 tolerasse
776 2814 941 2895 dixerunt,
969 2831 1029 2894 per
1058 2819 1188 2879 caetera
1210 2835 1271 2879 au·

155 2924 217 2983 tem
240 2922 355 2983 aetatis
377 2925 543 3000 augmenta
564 2922 791 2982 incontinentes
814 2924 987 3000 accipiendi
1008 2928 1090 2987 sunt.
1122 2927 1272 3005 Vespero

156 3034 321 3110 accepisse
343 3033 519 3092 mercedem
540 3032 570 3091 in
593 3032 732 3091 adventu
754 3030 910 3108 significat
930 3032 1058 3095 Christi.
1103 3034 1178 3095 Sive
1198 3039 1272 3114 pri·

155 3157 225 3201 mae
249 3141 349 3202 horae
369 3142 536 3220 operarius
558 3144 608 3201 est
632 3139 747 3217 Adam,
778 3142 895 3201 tertiae
915 3141 1002 3222 Noe,
1026 3141 1138 3204 sextae
1160 3145 1270 3204 Abra-

155 3245 225 3309 ham
247 3248 338 3309 Isaac
358 3248 454 3309 Iacob
482 3252 515 3308 et
537 3249 656 3308 caeteri
677 3249 895 3326 patriarchae,
925 3251 1107 3312 undecimae
1126 3254 1271 3330 apostoli

156 3357 190 3416 et
217 3371 324 3416 omnes
353 3355 524 3417 Christiani
555 3357 685 3416 fideles:
721 3357 833 3432 quibus
865 3359 1022 3419 universis
1053 3337 1269 3421 remuneratio

155 3465 298 3541 aequalia
328 3468 379 3527 est
407 3465 500 3542 data,
530 3466 561 3526 id
592 3468 642 3525 est
670 3466 818 3527 denarios
846 3466 967 3529 habens
996 3469 1127 3546 figuram
1149 3470 1269 3530 domini

155 3575 315 3634 aeternam
340 3576 435 3635 vitam
458 3575 659 3635 credentibus
682 3576 794 3635 dantis.
834 3569 991 3637 129Ηοηιο
1011 3577 1137 3658 quidam
1159 3577 1269 3640 tatuit

224 3719 283 3774 att.
301 3722 377 3776 icccc
397 3723 459 3792 etc]
486 3725 578 3778 Maon
601 3722 651 3787 17,
677 3722 691 3775 1
798 3722 856 3775 127.
875 3723 974 3779 divites
1043 3726 1201 3798 esurierunt]
1221 3728 1266 3781 Pe.

156 3803 216 3858 -4.
252 3805 292 3859 01.
311 3806 504 3862 totilano.
727 3807 771 3871 33,
790 3807 832 3862 11.

223 3889 284 3943 125.
318 3891 433 3945 Modicao
459 3929 467 3946 .
491 3931 498 3946 .
524 3929 531 3943 .
558 3891 690 3960 dubitasti]
796 3891 856 3945 128.
875 3893 972 3948 Simile
989 3894 1051 3963 etc]
1075 3896 1167 3949 dietih.
1186 3895 1265 3963 2θ,1

154 3976 247 4033 Mettis.
266 3975 310 4044 11,
329 3975 373 4030 31.
726 3975 803 4030 -tn

223 4058 283 4115 tte.
309 4059 430 4114 Facilior
450 4059 512 4128 otc]
538 4061 629 4115 datin.
647 4059 691 4124 19,
794 4059 853 4115 129.
872 4063 958 4116 Homo
977 4063 1038 4132 etc]
1059 4064 1149 4118 Metili.
1168 4062 1213 4131 21,
1230 4063 1266 4118 28
