2836 4852
468 271 849 349 Puouuoonluun
1115 295 1213 347 anun

112 462 277 535 nitatis
313 463 466 540 lucem
494 481 549 535 ox
584 460 923 553 prophetarum
955 460 1099 533 libris
1136 461 1213 532 ef·

112 589 461 668 florescentem
491 587 643 678 opponit
667 587 718 677 (c.
737 587 794 678 1).

214 713 318 785 Illam
346 707 742 802 superstitionem
768 714 866 801 quod
888 710 1036 806 attinet,
1058 712 1215 803 primurn

114 841 308 932 observat,
341 838 643 928 quemadmodum
674 837 849 908 statuarii
878 857 971 928 opus
1005 857 1109 910 suum
1142 858 1216 910 non

113 966 236 1056 magni
263 963 410 1037 faciunt
445 965 530 1033 dum
564 962 776 1055 elaborant,
816 967 856 1032 at
887 961 1074 1035 venditum
1105 968 1143 1033 et
1178 964 1217 1035 in

113 1094 250 1181 templo
281 1092 497 1161 collocatum
521 1088 696 1182 adorant,
720 1087 773 1158 sic
798 1107 862 1158 ecs
891 1087 952 1176 qui
977 1088 1216 1179 genealogias

115 1217 267 1288 deorum
296 1218 425 1306 legunt
451 1234 525 1286 non
550 1212 700 1284 infitiari
726 1212 891 1285 homines
919 1212 1054 1308 foisse,
1086 1219 1216 1305 postea

113 1347 234 1413 tamen
266 1347 307 1412 ut
339 1344 430 1419 deos
465 1342 589 1411 colere
624 1340 675 1430 (c.
700 1339 757 1431 2).
807 1339 947 1410 Deinde
979 1340 1121 1430 quaerit
1150 1361 1216 1411 cur

114 1468 166 1538 dii
195 1468 348 1557 gignere
380 1465 570 1558 desierint,
604 1485 670 1534 cnr
703 1462 882 1556 Olympus
898 1484 1049 1536 uacuus
1076 1465 1127 1534 sit
1155 1465 1218 1554 qui

115 1591 197 1663 diis
212 1591 374 1662 refertus
409 1609 492 1661 esse
519 1588 690 1682 deberet,
725 1609 791 1658 cnr
812 1589 914 1663 Idam
936 1589 1102 1680 Iuppiter
1124 1589 1218 1661 reli·

114 1716 238 1806 querit
261 1717 308 1808 (c.
332 1713 404 1804 eit
455 1711 547 1787 'lum
572 1715 621 1783 ad
649 1714 788 1804 scripta
813 1715 946 1784 transit
960 1748 961 1755 κ
974 1714 1218 1805 philosopho·

114 1862 194 1913 rum
216 1846 254 1913 et
279 1845 483 1930 poetarum
535 1836 593 1907 Ex
615 1838 847 1928 philosophis
875 1838 939 1908 alii
968 1841 1076 1910 deum
1103 1858 1218 1931 pror·

114 1986 177 2040 sus
207 1970 344 2057 negant
372 1970 436 2035 ant
466 1963 735 2053 providentiam
767 1966 918 2057 tollunt,
952 1965 1017 2039 alii
1048 1967 1218 2039 mundum

114 2092 313 2163 increatum
335 2090 459 2160 dicunt
480 2109 598 2178 neque
620 2089 730 2159 alium
751 2091 860 2161 deum
883 2110 965 2162 esse
987 2111 1094 2180 qnam
1115 2111 1219 2163 suam

117 2195 289 2306 cuiusque
312 2215 590 2306 conscientiam3
612 2214 693 2305 ipse
716 2214 835 2310 Plato,
859 2215 920 2304 qui
943 2217 1051 2293 deum
1070 2217 1219 2288 increa-

119 2351 194 2417 tum
219 2347 256 2413 et
280 2341 437 2412 omnium
459 2347 667 2413 creatorem
693 2342 819 2434 dccet,
850 2342 1042 2413 materiam
1065 2362 1148 2412 cnm
1172 2360 1218 2413 co

115 2468 316 2544 increatam
340 2466 534 2556 coniungit>
549 2467 604 2557 (o
622 2467 678 2557 l).
723 2465 903 2537 Homerus
929 2468 1082 2537 deorum
1102 2465 1220 2556 crigi-

115 2613 265 2665 nem-ex
288 2612 384 2682 aqua
405 2590 552 2682 repetit.
604 2588 686 2660 Nee
709 2591 834 2662 sanior
858 2597 915 2660 est
940 2590 1119 2660 sententia
1141 2589 1221 2660 lle-n

116 2717 213 2789 siodi
246 2718 299 2809 (c.
323 2717 396 2810 ὅ);Ι
419 2716 618 2788 materiam
651 2715 684 2785 is
709 2715 908 2787 increatam
943 2725 982 2786 et
1009 2715 1087 2786 sine
1113 2734 1222 2793 crea·-

116 2848 198 2914 tore
231 2842 454 2914 creationem
485 2842 613 2912 statuit
647 2847 684 2915 et
708 2843 831 2933 inepte
863 2842 1026 2932 loquitur
1050 2843 1104 2915 de.
1128 2842 1222 2912 dec-

117 2988 198 3039 rnm
221 2967 398 3059 prosapia
424 2968 478 3058 (c.
497 2968 554 3059 6).
604 2966 765 3058 Denique
787 2989 906 3058 nugas
930 2967 1077 3058 profert
1100 2967 1221 3039 histo-

119 3093 290 3188 ricorum,
316 3098 357 3163 ut
379 3091 508 3185 Satyri
530 3091 593 3184 qui
614 3093 815 3167 Ptolemaei
832 3091 1082 3184 Philopatoris
1105 3113 1221 3183 genus

117 3219 311 3298 aBaccho
336 3221 450 3309 longa
474 3219 572 3290 serie
599 3225 744 3310 repetat
776 3221 829 3311 (c.
848 3220 904 3311 7).
956 3219 1062 3290 Unde
1089 3217 1221 3291 'l'heo-

12 3407 16 3412 .
116 3345 241 3436 philus
264 3345 447 3423 concludit
472 3345 673 3434 scriptores
696 3366 833 3435 omnes,
859 3343 1102 3437 philosophos
1125 3362 1223 3437 poce

118 3476 181 3555 tas⁴
203 3469 417 3564 historicos,
445 3489 574 3541 errore
598 3471 693 3542 labi:
719 3471 757 3541 id
778 3473 876 3560 qnod
898 3469 1089 3542 confirmat
1112 3470 1224 3551 etiam

122 3614 170 3663 ex
194 3615 320 3668 eorum
349 3597 397 3665 de
432 3579 565 3666 mondo
602 3603 640 3666 et
663 3598 896 3687 providentia
923 3597 1222 3691 dissensionibus,

120 3719 325 3810 speciminis
349 3723 431 3792 loco
452 3723 644 3795 nonnullas
670 3721 830 3793 afferens
852 3727 1045 3813 poetarum
1066 3723 1112 3793 de
1130 3741 1223 3813 pro·

118 3845 284 3922 videntia
308 3847 562 3936 discrepantes
586 3848 693 3921 inter¹
707 3868 749 3920 se
773 3849 1124 3940 sententiosas).
1219 3894 1225 3901 -

219 3969 348 4062 Longe
370 3971 559 4043 dissimilis
590 3977 647 4043 est
677 3974 1016 4064 prophetarum
1045 3969 1224 4061 doctrina,

120 4117 213 4186 qnos
250 4097 381 4187 spiritu
418 4102 545 4169 sancto
584 4098 717 4192 plenos(
749 4098 864 4171 fuisse
902 4102 1036 4191 probat
1068 4097 1225 4166 eventus
