2836 4852
469 281 526 344 Al>
546 280 788 347 duronicum
812 285 890 348 Llll.
910 284 950 346 tl.
1202 282 1264 351 155

153 436 323 515 Britannos
352 471 451 531 usque
476 456 703 532 pertenderent
735 458 766 516 in
800 458 926 518 aretieis
959 457 1158 538 regionibus,
1198 463 1262 522 tum

155 564 211 623 alii
239 567 356 624 terram
386 563 620 642 chananaeam,
651 582 730 640 quae
763 566 856 625 etiam
886 565 1002 626 ludaea
1032 570 1065 626 ct
1094 569 1265 632 Phoenicia

155 675 372 750 cognominata
396 677 455 751 est,
478 676 510 732 et
528 676 638 750 partes
660 675 852 752 Aethiopiae
873 677 907 733 et
928 673 1068 752 Aegypti
1091 679 1124 736 et
1143 677 1265 757 Libyae

156 784 188 840 et
209 781 370 859 regionem
399 799 478 858 quae
508 783 630 842 torrida
660 783 775 844 dieitur
801 787 833 842 et
855 784 924 844 loea
951 802 1031 860 quae
1055 787 1095 845 ad
1119 788 1264 848 occiden-

155 893 217 950 tem
247 892 422 968 pertinent,
453 893 586 967 denique
615 891 730 968 reliqui
757 909 814 952 eos
846 895 965 952 tractus
995 895 1085 969 qnia
1111 898 1264 958 maritima

154 999 284 1076 regione
307 1004 341 1058 et
362 1000 548 1076 Pamphylia
572 1000 776 1076 porriguntur
799 1004 893 1076 atque
915 1001 1022 1059 Asiam
1044 1005 1078 1060 et
1101 1001 1263 1065 Graeciam

155 1111 187 1168 ct
206 1109 419 1170 Macedoniam
442 1111 474 1167 et
496 1109 625 1184 insuper
647 1106 767 1167 ltaliam
791 1111 824 1166 et
844 1107 965 1168 Gallias
988 1115 1020 1169 et
1042 1109 1209 1188 Hispanias
1229 1117 1265 1174 et

155 1213 353 1293 Germanias,
384 1220 429 1276 ita
457 1221 491 1278 ut
520 1218 560 1276 ad
584 1217 670 1277 illum
693 1218 815 1277 modum
835 1233 915 1277 nunc
936 1220 1083 1278 universa
1105 1223 1192 1280 terra
1214 1223 1264 1282 ia·
1347 1266 1351 1273 .

102 1301 104 1308 ’
154 1325 232 1384 eolis
263 1326 439 1402 impleatur.
484 1325 581 1394 Quum
611 1325 708 1401 igitur
738 1323 826 1384 initio
855 1326 1016 1402 tripartita
1048 1331 1135 1387 esset
1161 1329 1264 1390 homi-

153 1447 225 1492 num
252 1433 406 1492 habitatio
437 1435 469 1491 in
499 1436 604 1507 terra,
635 1434 850 1492 adorientem
878 1436 912 1493 et
939 1434 1100 1494 meridiem
1122 1440 1157 1495 et
1179 1440 1264 1499 oeci-

154 1541 294 1616 deutem,
324 1543 436 1616 postea
464 1543 610 1598 caeterae
641 1540 733 1597 etiam
762 1545 871 1616 partes
897 1544 1003 1601 terrae
1028 1543 1122 1602 incoli
1144 1561 1263 1622 eoepe-

153 1651 242 1725 runt‚
270 1648 446 1708 hominihus
469 1663 597 1706 numero
616 1647 715 1705 valde
738 1650 851 1708 auctis.
896 1648 982 1708 llaec
1005 1665 1096 1725 quum
1118 1653 1264 1730 ignorent

154 1757 327 1832 scriptores
355 1774 416 1816 nou
444 1757 587 1816 dubitant
608 1757 751 1815 mundum
772 1755 968 1833 sphaericum
991 1758 1097 1818 dicere
1120 1764 1153 1819 et
1174 1765 1265 1837 quasi

154 1865 232 1925 cubo
265 1882 458 1942 comparare.
511 1864 570 1933 Qun
599 1868 732 1940 possunt
761 1868 864 1925 autem
895 1867 925 1926 in
957 1864 1003 1925 his
1034 1884 1111 1928 vera
1146 1871 1264 1952 dicere,

154 1990 245 2048 quum
282 1975 428 2050 ignorent
469 1974 660 2031 creationem
699 1974 803 2032 mundi
843 1975 972 2048 eiusque
1012 1975 1264 2039 habitationem?

154 2082 320 2142 Paullatim
351 2083 565 2142 crescentibus
594 2075 768 2140 hominibus
798 2083 832 2139 et
859 2082 1075 2159 multiplicatis
1105 2087 1135 2143 in
1166 2090 1263 2165 terra,

155 2193 189 2250 ut
220 2194 311 2251 autea
340 2193 494 2267 diximus,
532 2190 562 2247 in
594 2189 733 2247 eumdem
763 2189 885 2248 modum
916 2191 1135 2253 incolebantur
1168 2197 1263 2255 maris

157 2317 280 2376 quoque
302 2302 423 2360 insulae
447 2316 484 2359 ae
506 2301 652 2358 caeterae
674 2297 833 2372 regiones.

241 2411 292 2468 33.
321 2409 398 2477 Quis
428 2408 525 2484 igitur
554 2423 593 2464 ex
623 2405 662 2462 iis
693 2405 744 2479 qui
771 2405 932 2480 sapientes
964 2411 997 2466 et
1023 2411 1137 2483 poetae
1160 2413 1193 2468 et
1215 2407 1263 2469 hi-

153 2741 220 2804 „mit
238 2741 322 2792 sicem
340 2741 499 2792 Kreise.“
531 2739 583 2790 Sed
601 2738 689 2804 vulga·
725 2750 791 2786 mum
820 2735 910 2802 probat
936 2735 1109 2802 Theophilus,
1136 2753 1167 2790 eo
1196 2741 1263 2807 quod

153 2827 204 2874 tam
221 2824 310 2875 merite
325 2828 430 2876 tuentur
444 2823 559 2875 clericus
578 2824 689 2887 (illator.
725 2823 796 2870 terra
817 2819 895 2870 diuisa
916 2824 986 2871 esset
1009 2821 1035 2871 in
1055 2821 1194 2889 orientem,
1218 2838 1262 2876 oe.

154 2905 216 2958 ecel.
236 2906 308 2958 duor.
327 2907 400 2974 prim.
420 2922 501 2959 saoce.
526 2923 552 2975 p.
572 2907 635 2973 721)
665 2912 690 2958 et
724 2901 850 2955 uidentem
870 2906 896 2954 et
913 2902 1076 2956 meridiem.“
1107 2908 1263 2973 Spumea.

154 2990 321 3042 Heumannus
340 2991 448 3056 (Poecil.
464 2980 556 3044 ⁴1⁸.lll.
576 3007 601 3058 p.
615 2990 689 3058 alo).
725 2989 762 3056 δῆ
785 2993 881 3040 terram
911 3004 969 3040 esse
994 2989 1156 3042 tradiderunt
1180 2992 1262 3054 Plato,

153 3073 239 3126 Voluit
258 3074 412 3139 Theophilus
431 3074 528 3127 dicere:
554 3091 567 3126 a
586 3076 689 3141 quihus·
725 3071 895 3138 Aristoteles,
913 3073 1021 3135 Cicero,
1040 3073 1099 3138 alii,
1124 3089 1187 3140 quos
1206 3075 1263 3127 vide

153 3157 209 3210 dam
228 3163 323 3210 terram
348 3159 378 3210 sd
403 3161 558 3226 sphaericam
584 3158 690 3224 figuram
725 3156 790 3223 apud
810 3156 960 3208 cellarium:
989 3158 1174 3211 Notitiaorhis
1196 3164 1263 3212 snti-

154 3243 284 3307 aacedere‚
303 3244 333 3295 ab
352 3244 407 3295 aliis
422 3244 452 3295 sd
467 3245 579 3296 cubicum
595 3245 690 3296 doceri.
726 3241 768 3307 qui
786 3239 829 3291 lib.
847 3239 869 3290 Ι.
887 3239 949 3292 αἳ.
985 3241 1071 3293 Fuere
1090 3242 1131 3309 qui
1151 3245 1263 3297 euticam

123 3348 128 3358 ·
154 3325 233 3378 Addit
257 3327 301 3379 ille
326 3328 364 3394 (p.
384 3327 463 3393 722)=
495 3327 600 3393 „Potuit
624 3328 690 3380 seire
725 3325 829 3375 formam
848 3324 932 3376 terres
952 3325 1134 3388 attribuerunt,
1152 3331 1179 3378 ut
1198 3328 1263 3380 cos»

153 3424 211 3462 esse
229 3411 378 3479 sphaericae
404 3410 501 3476 figuras
526 3409 642 3475 affinem,
668 3411 689 3462 si
726 3423 778 3460 mas
791 3407 969 3476 lndopleustes
982 3407 1008 3458 in
1020 3409 1197 3478 topographia
1208 3427 1263 3463 sua.

152 3487 386 3547 demonstrationes
418 3495 576 3548 adtentisset.
622 3496 692 3547 con-¹
795 3492 836 3543 11.
855 3509 879 3542 τ.
899 3492 1007 3543 euroin.
1027 3493 1067 3560 a]
1087 3494 1120 3546 ll.
1141 3508 1163 3545 e.
1184 3496 1264 3547 ratio·

153 3579 237 3631 stabat
257 3580 323 3631 enim
345 3580 434 3631 stellas
452 3579 568 3632 boreales
584 3577 690 3645 deprimi
726 3589 783 3626 nem
814 3589 862 3641 qua
894 3574 1003 3625 habitari
1035 3579 1119 3643 eoepit
1151 3579 1263 3644 (walt).

154 3663 273 3716 euntibus
301 3663 330 3715 ad
359 3667 486 3728 austrum,
515 3668 541 3715 et
567 3663 690 3714 australes
726 3659 802 3721 Editl,
820 3659 1007 3724 praeteritur.
1026 3661 1202 3728 elliumphr„
1221 3665 1263 3715 ine

152 3747 254 3814 adtolli,
283 3752 309 3799 et
328 3748 455 3812 uicissim3
481 3747 547 3813 quod
566 3745 621 3798 lieri
640 3760 691 3798 nen
726 3746 914 3809 terpunxerunt
932 3743 984 3792 sic:
1003 3738 1112 3809 edred,
1131 3742 1203 3810 πρὸς

153 3832 237 3896 potuit
255 3833 302 3882 nisi
319 3831 478 3883 convexitate
493 3834 587 3883 terrae.
623 3830 690 3881 Con·
727 3821 765 3886 oin
797 3824 1018 3893 προειρήκαμενς
1052 3822 1175 3898 Οὕτω[ς]
1206 3833 1262 3885 art.

153 3916 238 3966 stabat
262 3916 337 3966 etium
362 3912 560 3980 solenpopulis
579 3913 691 3964 oriente·
726 3910 902 3977 Exspeetshas
928 3908 999 3977 μηδὲ
1028 3913 1184 3980 (llumphr.)
1216 3925 1264 3977 pro
1349 3936 1351 3941 ·

154 3998 222 4051 litus
246 4001 322 4051 eitius
348 3999 410 4050 oriri
436 4013 508 4064 quem
529 3996 691 4049 occidentali·
726 3991 797 4062 μήτε
815 3992 926 4060 (codd).

154 4082 217 4150 hns3
241 4084 310 4150 qued
335 4098 386 4135 non
411 4083 560 4146 contigisset
583 4080 604 4132 si
622 4085 692 4131 terre
795 4077 837 4133 12.
858 4071 959 4147 οὕτως]
986 4081 1067 4144 Veu.;
1092 4071 1264 4143 vulperire.

153 4165 229 4232 plana
255 4166 354 4219 luisset.
398 4165 453 4218 Hoc
480 4169 565 4217 tamen
590 4168 692 4230 postre—
796 4163 820 4214 1.
840 4161 961 4230 ἴσχυσεν]
980 4164 1058 4229 Ven.;
1077 4162 1145 4227 vulg.
1160 4160 1263 4229 topace.
