2836 4852
222 308 313 356 xvm
414 234 416 238 ⁵
584 285 969 360 rnonncounrm.

223 491 479 562 nonnunquam
503 503 516 541 ι
537 501 603 563 ειη
627 477 688 545 001
712 501 728 542 ε
750 482 786 545 01
808 503 844 542 αι
869 472 1085 567 permiscet,
1121 473 1344 565 frequenter

222 624 243 666 ν
275 600 375 686 quod
420 598 554 668 dicitur
586 601 815 688 ἕῳελκυστικὸν
848 605 934 668 0010
980 619 1163 669 consonas
1200 601 1343 674 retinet

223 720 362 809 (adeas
390 743 485 810 quac
511 723 560 792 ad
585 721 849 810 Athenagorae
875 724 1036 814 Supplic.
1063 746 1092 794 c.
1120 727 1155 793 1.
1181 747 1215 795 n.
1241 729 1266 796 2
1291 730 1339 798 01.

223 847 441 941 observavi,
475 849 559 916 coll.
588 846 916 918 Tischendorf.
942 849 1190 940 P1·olegg.ad
1216 850 1265 921 N.
1295 852 1339 922 Τ.

223 972 280 1039 01.
306 975 339 1040 7.
366 974 448 1042 mai.
483 971 583 1060 Lips.
610 971 718 1040 1859.
746 992 780 1060 p.
807 970 888 1040 LIlI
919 980 956 1044 et
984 974 1051 1044 Al.
1075 975 1337 1047 Buttmann.

224 1095 386 1167 Gramm.
418 1099 454 1166 d.
485 1103 633 1164 0001001.
662 1093 747 1187 Spe.
786 1095 908 1165 Berol.
935 1098 1045 1167 1859.
1070 1120 1106 1188 p.
1133 1101 1200 1194 9),
1232 1103 1338 1179 οὕτως

223 1231 436 1292 constanter
469 1222 616 1310 scripsit
650 1221 728 1310 (bis
761 1223 862 1288 odeo:
899 1219 944 1290 cf.
979 1223 1336 1293 Tischendorf.

221 1351 245 1416 l.
264 1369 294 1417 c.
321 1355 358 1418 et
385 1348 561 1416 Winer.
585 1345 747 1413 Grumm.
771 1346 805 1413 d.
824 1354 969 1415 uectest.
990 1347 1076 1440 Spr.
1103 1351 1160 1419 cd.
1176 1350 1210 1417 o.
1232 1348 1335 1439 Lips.

223 1473 332 1543 1855.
363 1495 398 1564 p.
421 1473 511 1563 to),
548 1491 682 1561 parcus
710 1479 768 1541 est
793 1471 830 1538 iu
858 1474 1031 1544 membris
1059 1474 1237 1544 orationis
1266 1495 1336 1563 per

220 1605 353 1689 puncta
383 1597 662 1688 distinguendis.
715 1596 916 1666 Corrector
947 1606 1086 1692 autem,
1119 1599 1223 1668 cuius
1250 1620 1335 1669 ma-

220 1744 288 1793 nns
319 1722 532 1793 inferiorem
564 1727 723 1790 aetatem
756 1722 882 1810 prodit
915 1730 951 1791 01
981 1730 1186 1793 atramento
1214 1724 1334 1815 magis

220 1851 421 1938 nigricante
444 1847 639 1935 conspicua
662 1850 737 1937 est,
765 1847 883 1915 omnia
907 1848 1013 1918 huius
1036 1850 1172 1919 codicis
1195 1850 1334 1939 scripta

219 1973 447 2064 percensuit,
482 1977 521 2039 01
546 1976 621 2038 tum
658 1989 723 2037 sua
756 1970 871 2058 ipsius
904 1976 1124 2044 auctoritate
1151 1980 1226 2044 tum
1249 1996 1333 2045 ma-

217 2099 313 2167 xime
338 2098 432 2167 alius
459 2095 594 2164 codicis
617 2093 771 2163 iunioris
797 2116 866 2185 ope
890 2104 1043 2186 peccata
1069 2099 1208 2188 antiqui
1235 2100 1333 2168 scri-

217 2224 288 2292 bac
310 2243 401 2292 vara
422 2228 460 2290 et
481 2222 628 2310 opinata
652 2221 819 2289 tolleret:
849 2221 911 2307 qui
934 2223 1079 2310 quidem
1101 2223 1332 2313 potissimum

217 2349 345 2418 literas
368 2347 505 2437 passim
528 2346 687 2436 pallidas
705 2345 925 2438 'renovavit,
951 2347 1136 2419 interdum
1160 2349 1238 2418 iota
1262 2349 1331 2418 sub

218 2499 240 2539 0
262 2500 281 2561 η
304 2500 329 2539 ω
352 2472 516 2565 scripsit,
543 2475 716 2540 accentus
742 2469 773 2536 si
803 2469 958 2557 aberant
981 2473 1144 2568 addidit,
1177 2472 1330 2562 spiritus

217 2602 254 2666 01
280 2604 454 2668 accentus
478 2598 575 2667 falso
601 2594 742 2686 positos
765 2594 899 2682 ubique
925 2600 1105 2691 correxit,
1137 2628 1149 2664 ι
1171 2626 1240 2687 ειη
1266 2597 1331 2667 ubi

216 2725 398 2792 vocabulo
423 2745 494 2793 000
519 2720 740 2791 0000001001
762 2700 934 2813 mutavit,
958 2746 979 2788 ν
1001 2723 1229 2810 10010000κὸ0
1253 2728 1290 2792 01
1313 2751 1330 2802 ς

215 2847 254 2914 10
278 2849 412 2915 vocula
441 2850 541 2924 οὕτως
568 2852 652 2915 0010
676 2850 919 2914 consonantes
944 2844 1023 2913 sine
1048 2846 1125 2915 ulla
1149 2844 1230 2916 1000
1257 2868 1328 2916 ex·

216 2971 385 3061 ceptione
414 2970 538 3062 erasit,
566 2971 767 3073 orationem
792 2975 833 3037 ut
853 2969 1014 3038 dilucida
1043 2968 1090 3037 sit
1114 2991 1184 3060 per
1210 2969 1326 3064 signa,

215 3096 435 3186 praesertim
461 3103 656 3189 commata,
683 3094 863 3187 distinxit,
893 3093 1035 3165 scholia
1059 3094 1211 3184 insuper
1234 3115 1327 3185 per-

213 3242 332 3312 pauca
369 3220 525 3312 margini
559 3220 764 3309 adscripsit.
815 3217 929 3289 Huius
964 3219 1035 3287 viri
1065 3192 1327 3308 interpolatrix

214 3347 335 3436 potius
369 3367 475 3435 quam
502 3346 731 3417 emendatrix
760 3365 886 3414 manus
913 3365 935 3414 a
959 3329 1168 3433 Theophiio
1195 3344 1326 3414 meiius

214 3472 358 3542 omnino
398 3472 645 3542 abstinuisset.
711 3468 937 3557 Quamquam
977 3469 1096 3559 prima
1134 3468 1326 3557 scriptura

213 3599 378 3669 omnibus
404 3598 496 3666 locis
523 3597 632 3667 facile
664 3593 894 3684 perspicitur.
946 3591 1104 3682 Egomet
1131 3594 1324 3662 excellan-

211 3724 339 3792 tissimi
365 3724 511 3816 codicis,
540 3741 647 3810 quem
670 3720 791 3788 nullus
816 3715 937 3786 adhuc
961 3718 1082 3788 editor
1104 3721 1169 3787 aut
1192 3716 1324 3807 cogni-

210 3857 285 3919 tum
322 3847 452 3918 habuit
488 3852 551 3916 aut
589 3844 757 3935 contulit,
796 3842 964 3913 diversas
1003 3843 1180 3914 lectiones
1221 3845 1324 3910 10010

208 3974 357 4050 0001001
388 3974 571 4062 religione
604 3976 644 4038 ut
669 3989 715 4037 no
744 3966 968 4038 levissimam
1004 3969 1149 4057 quidem
1178 3966 1324 4035 discre-

207 4101 369 4197 pantiam
395 4097 589 4205 omiserim.
1221 4152 1226 4159 ,

297 4222 371 4300 'ii'
394 4221 516 4295 Codex
547 4219 770 4291 Bodleiccus
799 4218 926 4312 graec.
961 4218 1158 4290 miscellan.
1197 4213 1319 4300 XXV,
