2836 4852
417 265 477 329 AB
496 263 744 328 AUTOLYGUM
764 258 843 328 uo.
861 263 902 328 ii.
1174 263 1219 335 46

190 436 220 497 2.
249 433 374 497 Etenim
393 437 558 498 rinianlum
582 436 657 497 mibi
672 437 806 497 <videtur
830 435 1003 498 statuarios
1026 437 1080 498 vel
1101 437 1217 516 figulos

104 545 159 607 val
183 546 323 623 pistores
354 547 408 606 vel
436 541 562 607 lusores
592 546 712 624 tingere
744 547 777 605 et
798 546 931 622 pingere
960 551 993 607 et
1014 548 1218 626 soulpereet

104 654 239 717 fundere
262 657 295 715 et
318 655 550 732 temperare,
581 656 651 732 qui,
681 671 773 730 quum
796 655 836 714 ab
858 656 1023 732 opificibus
1045 656 1122 717 fanti
1144 657 1218 719 ius-

104 767 189 842 rint‚
210 766 297 825 nullo
320 765 350 824 in
374 765 479 841 pretio
504 766 545 825 ab
568 765 607 824 iis
630 765 801 839 babentur3
830 768 1004 842 postquam·
1019 768 1122 826 antem
1143 783 1218 827 aere

103 875 237 943 redemti
260 873 378 935 inerint
408 878 441 934 et
468 870 504 932 in,
519 874 666 951 templum
690 875 775 950 quod
796 877 912 934 vooant
934 877 988 935 aut
1010 876 1133 935 domum
1156 875 1219 936 ali·

106 999 198 1060 quam
228 985 395 1060 collocati,
426 985 466 1043 iis
494 984 672 1044 saerilioant
701 999 762 1042 non
792 985 893 1044 solnm
924 984 976 1060 qui
1012 1000 1133 1061 emere,
1160 985 1220 1045 aad

105 1093 199 1153 etiam
219 1094 273 1169 qni
293 1092 400 1154 fenero
423 1096 456 1152 et
477 1092 648 1152 vendidero
672 1108 739 1152 oum
763 1093 869 1153 studio
892 1095 928 1153 et
946 1095 1103 1170 apparatu
1125 1093 1219 1153 vinti-

102 1218 221 1263 marum
251 1204 290 1261 et
310 1201 491 1261 libaminum
520 1201 674 1261 aooetlunt
704 1203 740 1261 ut
768 1217 824 1261 eos
851 1202 986 1270 adorent
1012 1204 1107 1278 atque
1139 1203 1218 1263 deos

104 1327 162 1372 aos
193 1312 388 1389 existimant,
422 1326 489 1371 non.
514 1311 731 1387 intelligentes
766 1312 852 1384 [eos]
887 1311 970 1372 tales
1003 1327 1076 1371 asse
1108 1312 1218 1387 quales

105 1419 264 1494 [inerunt]
292 1397 415 1496 quoque
446 1438 537 1496 quum
562 1437 618 1480 eos
642 1419 802 1495 iacerent,
832 1422 886 1479 aut
914 1420 1052 1496 lapidem
1080 1422 1135 1480 aut
1163 1435 1219 1479 aas

102 1531 162 1590 aut
183 1529 300 1604 lignum
322 1535 377 1588 aut
400 1530 539 1588 colorem
561 1529 616 1589 ant
638 1528 810 1603 quamlibet
831 1528 924 1587 aliam
946 1528 1119 1588 materiam.
1152 1526 1220 1588 lloo

101 1653 182 1699 sane
205 1639 238 1696 et
262 1637 354 1697 vobis
377 1625 543 1713 nontingit'
561 1637 614 1712 qui
642 1637 751 1714 legitis
774 1636 926 1696 historias
953 1640 987 1696 et
1014 1637 1220 1714 genealogias

104 1760 213 1811 eornm
238 1745 290 1820 qui
312 1745 458 1805 (licuntur
480 1746 535 1806 dii.
581 1745 658 1806 Nam
688 1763 779 1822 quum
810 1746 951 1822 origines
973 1762 1081 1807 eornm
1101 1746 1220 1823 legitis,

104 1852 246 1914 homines
268 1870 324 1914 eos
349 1853 554 1915 existimatis:
580 1858 693 1932 postea
713 1870 792 1914 vero
817 1857 894 1916 deos
917 1857 1040 1917 voeatis
1055 1858 1089 1915 et
1106 1856 1221 1934 nolitis,

104 1979 166 2023 non
188 1965 511 2039 attendentesneque
532 1963 748 2041 intelligentes
769 1966 879 2041 quales
902 1981 959 2027 eos
981 1967 1074 2026 natos
1092 1964 1220 2042 legistis

104 2072 189 2132 tales
212 2074 245 2131 et
266 2073 391 2150 genitos
415 2071 524 2131 inisse.
640 2115 641 2119 ,
962 2083 964 2092 ‘

190 2177 223 2243 3.
257 2182 305 2242 Ao
328 2183 401 2242 tuno
423 2180 547 2257 quidem
570 2182 717 2259 deorum,
747 2183 775 2242 si
800 2183 923 2260 quidem
953 2182 1050 2260 geniti
1083 2184 1220 2261 fuerunt,

105 2288 293 2351 ioeoundum
322 2307 422 2368 genus
450 2289 680 2352 inveniebatur.
724 2291 812 2353 Nune
839 2308 917 2353 vero
948 2294 1001 2353 ubi
1032 2296 1110 2355 deos
1132 2289 1221 2354 nasoi

105 2401 309 2460 ostenditnrt
353 2401 431 2461 Nam
456 2400 484 2460 si
513 2402 587 2461 tuno
609 2402 781 2479 gignebant
808 2403 841 2461 et
862 2403 1089 2479 gignebantur,
1118 2403 1220 2480 liquot

106 2660 134 2709 et
160 2655 285 2722 llumpbr.
313 2661 475 2724 receperunt.
512 2655 594 2708 Geso.
621 2648 647 2708 et
753 2657 778 2708 1.
809 2650 969 2724 ηὑρίσκετο]
1010 2656 1049 2709 Da
1085 2661 1220 2722 augmento

104 2740 174 2797 lior.
195 2740 247 2794 δεῖ.
285 2741 348 2795 Tum
372 2743 436 2795 Van.
455 2746 482 2795 at
500 2738 574 2794 Boii.
597 2754 649 2792 non
685 2739 778 2803 (Hebr.
804 2742 854 2807 11,
880 2741 897 2794 b
924 2740 965 2793 et.
992 2741 1096 2794 Laubm.
1123 2745 1150 2793 et
1176 2738 1221 2794 ol-

107 2817 178 2892 ipiv
194 2825 240 2878 sed
264 2819 371 2893 ὑμνεῖν.
408 2827 490 2879 Error
514 2828 541 2878 in
568 2841 648 2892 marg.
683 2824 802 2892 sobend.)
827 2840 878 2878 non
903 2826 1027 2893 estquod
1046 2823 1162 2893 dubites;
1188 2826 1219 2880 el.

107 2911 172 2965 Van.
186 2926 199 2963 a
212 2917 358 2969 correctore
370 2916 470 2965 notatus
485 2916 533 2964 est.
551 2911 649 2964 Deinde
682 2909 748 2963 Lod.
766 2910 882 2963 Dindori.
900 2910 932 2962 ad
951 2911 1074 2978 Stephon.
1092 2912 1218 2969 Thesaur.

106 2993 283 3065 συμβέβηκεν
296 3013 328 3050 ex
340 2998 401 3050 Ven.
414 2995 506 3050 refinxi
519 3011 565 3064 pro
580 2997 647 3063 vulg.
683 3011 722 3062 gr.
742 2996 805 3063 ling.
832 2994 872 3047 ed.
890 2997 958 3048 llase
978 2995 1033 3050 Vol.
1048 2995 1094 3047 Ill.
1113 3010 1138 3062 p.
1151 2993 1220 3048 242⁰

111 3081 276 3152 συμβέβηκε.
683 3085 709 3133 et
726 3081 823 3133 Winer.
845 3080 961 3133 Gratum.
980 3082 1005 3132 tt.
1023 3084 1135 3132 nemesi.
1155 3081 1219 3147 Spr.

174 3169 200 3222 7.
216 3166 405 3237 tvroppoiveee]
420 3168 498 3234 Ven.;
516 3173 646 3221 corrector
681 3165 735 3232 (ed.
750 3164 780 3233 6)
799 3182 824 3236 p.
840 3164 882 3219 66.
984 3199 986 3203 ⁷

106 3269 222 3324 naupra
239 3273 253 3309 a
271 3256 391 3324 scripsit,
418 3258 445 3307 et
464 3251 646 3322 ἐντυγχάνητε
1195 3281 1201 3286 ·

106 3339 208 3407 (Boii.)
223 3341 248 3391 io
262 3341 337 3391 editis
350 3339 452 3404 legitur.
467 3341 511 3392 ot.
527 3355 591 3406 qnae
601 3340 645 3391 llb.
748 3335 775 3390 2.
797 3330 837 3387 Tri
856 3326 887 3388 ot
906 3328 966 3388 vtio
976 3334 1040 3386 ποῦ4
1050 3330 1129 3386 θεῶν
1144 3329 1217 3401 γένε-

105 3425 163 3479 Le.
172 3423 214 3478 13.
229 3440 255 3477 n.
264 3424 299 3477 18
316 3425 458 3476 observavi.
485 3425 646 3491 Paullopost
681 3436 723 3480 σις
741 3418 808 3488 aab]
840 3420 964 3472 Similiter
981 3418 1118 3485 gentilibus
1134 3417 1218 3471 illudit

105 3505 226 3578 αύτούς,
250 3515 310 3562 ante
330 3514 437 3573 νοεῖτε,
465 3508 583 3562 Galloni.
608 3517 644 3575 to.
681 3507 800 3559 Tatianus
820 3504 893 3558 Orat.
912 3503 943 3556 nd
961 3503 1009 3555 Gr.
1028 3519 1051 3558 e.
1067 3503 1116 3556 21:
1135 3502 1216 3556 Γένε-

103 3597 171 3649 bier.
187 3595 248 3648 etit.
265 3596 342 3662 Van.)
360 3596 451 3647 vitiose
464 3594 644 3664 praetermisit.
679 3607 724 3644 σιν
743 3582 784 3642 ἂν
799 3586 891 3656 λέγητε
909 3588 1001 3654 θεῶν,
1026 3587 1073 3641 καὶ
1090 3585 1217 3655 banania

172 3679 199 3732 8.
218 3676 431 3748 ἐφιστάνοντες]
453 3679 514 3730 Van.
529 3675 643 3731 ἐπιστά-
680 3670 784 3736 αὐτούς
803 3670 1007 3740 ἁποφανεῖσθε.
1043 3669 1101 3726 Διά
1117 3674 1145 3726 ai
1161 3669 1216 3741 yaip

104 3783 210 3834 voveas,
229 3766 275 3818 sed
293 3770 424 3818 corrector
442 3761 492 3831 ἒφι
506 3780 581 3831 supra
598 3761 645 3820 im
682 3757 716 3821 ου’
733 3757 794 3814 κύει
813 3761 867 3814 νῦν
887 3752 1009 3827 ἡἭρας
1027 3756 1155 3829 Πότερον
1171 3777 1215 3826 ps-

104 3852 199 3921 posnit
236 3850 383 3904 Tumidum
403 3850 459 3903 eod.
479 3845 644 3916 ἅνέγνωται,
678 3844 812 3915 ypponem,
838 3838 927 3914 ἢτοῦ
951 3843 1130 3913 μηνύσαντος
1147 3839 1215 3912 ὑμῖν

105 3934 173 4004 quod
201 3935 303 4003 quidem
331 3934 362 3987 ab
391 3935 478 3987 ultima
514 3937 644 4002 sequentia
680 3931 843 3999 inpunitum
869 3934 949 3985 lstunu
975 3932 1108 4000 Tbeopbili
1132 3930 1214 3982 locum

105 4019 178 4073 rerbi
205 4019 300 4086 syllaba
324 4037 391 4072 -αι
416 4020 491 4072 tinxit
508 4023 535 4071 et
553 4035 567 4072 a
585 4034 644 4074 eor·
677 4020 787 4072 tortasse
810 4018 923 4070 imitatus
946 4023 986 4073 est
1003 4017 1151 4071 Lactantius
1167 4014 1213 4067 ln·

103 4109 208 4159 restore
224 4107 258 4157 in·
269 4122 335 4160 -aa
353 4108 475 4158 mutatum
493 4108 541 4158 eat.
679 4104 743 4158 stitt.
760 4101 810 4157 dir.
827 4101 849 4158 1.
868 4117 890 4156 a.
907 4101 950 4158 16.

139 4195 219 4266 corp.
237 4195 323 4266 Apoll.
346 4196 401 4252 tol.
420 4196 491 4251 vlll.
987 4201 1008 4258 t
