2836 4852
364 267 422 331 nn
442 264 688 330 noronuouu
713 265 867 330 cmm.
1106 263 1172 345 ule

58 439 151 499 tlunt.
183 436 293 514 ltaque
312 438 367 498 vel
389 439 560 516 impietatis
583 455 624 499 ex
646 439 713 501 suis
733 439 872 517 ipsorum
895 436 1093 516 opinionibus
1114 453 1170 498 ur·

59 549 197 624 guantur
219 549 272 623 qui
295 548 372 608 talia
394 546 609 626 philosophati
630 550 719 622 sunt,
748 549 802 608 vel
823 548 917 608 etiem
938 543 1106 624 promiscui
1132 561 1170 607 uo

59 656 165 716 illiciti
195 658 391 732 concubitus3
420 658 510 716 immo
541 657 634 717 etiem
660 657 816 718 hominum
840 658 1050 718 vorandorum
1075 655 1170 716 inhu·
1215 684 1217 686 ·

60 767 194 826 manitas
215 768 299 843 apud
321 783 377 826 ecs
401 763 647 842 deprehenditur
669 782 710 825 ex
731 766 771 825 iis
793 782 874 842 quae
893 767 1012 843 scripta
1028 765 1170 841 relique·

60 877 148 951 runt,
179 880 212 935 ct
234 892 290 935 eos
313 891 391 950 quos
420 876 497 934 deos
521 876 627 935 colunt
647 875 805 952 principes
825 875 966 935 scribunt
988 874 1088 935 fuisse
1111 871 1169 934 ho-

60 1001 129 1043 rum
150 983 320 1044 facinorum
343 985 544 1043 edendorum.

121 1131 124 1135 -
149 1095 178 1154 9.
207 1092 272 1152 Nos
293 1095 396 1152 eutem
426 1094 459 1151 ct
489 1092 579 1152 deum
611 1093 809 1170 confitemur,
841 1094 1029 1168 sedunum,
1059 1089 1170 1150 eondi-

60 1203 162 1261 torem
192 1204 225 1261 et
254 1203 427 1260 creatorem
462 1204 495 1259 et
527 1201 668 1278 opificem
696 1202 789 1262 huius
815 1202 956 1262 universi
984 1199 1104 1275 mundi,
1138 1199 1171 1257 et

59 1306 261 1386 providentii
288 1310 458 1385 gubernari
488 1311 588 1369 omnia
617 1311 748 1386 scimus,
783 1311 840 1371 eed
869 1310 910 1368 ab
940 1326 980 1368 eo
1011 1309 1099 1383 solo,
1139 1309 1171 1365 et

59 1418 163 1494 legem
187 1421 325 1478 sanctam
348 1419 527 1493 didicimus,
557 1419 855 1498 sedlegislatorem
887 1415 1034 1477 labemus
1062 1431 1171 1474 verum

59 1527 163 1602 deum,
185 1543 204 1584 a
228 1541 289 1600 quo
311 1525 403 1583 ctiam
427 1525 595 1585 edocemur
616 1526 766 1586 iustitiam
789 1542 940 1586 exercere
966 1526 999 1585 et
1019 1523 1171 1600 pietatem

56 1635 169 1697 colere
202 1635 235 1693 et
264 1634 344 1692 bona
373 1649 472 1708 opera
502 1633 619 1693 secere.
671 1633 718 1693 Ac
748 1635 788 1692 dc
817 1634 936 1711 pietate
967 1632 1089 1709 quidem
1120 1631 1171 1690 di-

55 1744 127 1814 cit:
155 1741 228 1802 Non
250 1748 336 1801 munt
357 1741 413 1802 cici
435 1741 483 1800 dii
505 1741 562 1801 olii
578 1750 703 1820 praeter
726 1761 780 1802 me.
818 1741 891 1805 Non
911 1741 1089 1822 scolastici
1110 1739 1172 1818 ipsi

59 1849 179 1911 idolum
209 1869 263 1910 nec
293 1851 468 1930 cuiusquam
500 1848 759 1918 similitudinem„
782 1869 986 1931 quaecumque
1014 1850 1047 1908 in
1076 1845 1171 1910 coelis

59 1959 268 2038 decerperent
290 1978 492 2039 quaecumque
519 1960 552 2018 in
574 1966 656 2018 terro
679 1958 818 2019 deorsum
841 1967 895 2020 cut
916 1975 1118 2040 quoecumque
1139 1956 1172 2015 in

58 2069 147 2149 aquic
169 2075 238 2128 suut
260 2068 360 2127 subter
382 2076 504 2126 terrum.
549 2065 622 2125 Non
644 2065 791 2128 adorabis
815 2085 867 2136 eu,
898 2086 992 2148 neque
1013 2065 1094 2126 colec
1116 2083 1169 2134 eo3

60 2196 120 2255 epo
140 2177 216 2234 enim
239 2197 301 2236 rum
323 2175 463 2235 domiuus
482 2174 555 2234 deus
577 2182 654 2235 turus.
696 2176 744 2234 Dc
771 2176 862 2235 bonis
891 2178 994 2243 eutem
1019 2173 1169 2250 operibus

59 2285 157 2344 dixit:
193 2286 323 2343 Honora
348 2291 469 2361 putrem
499 2290 579 2342 tuum
609 2290 639 2343 et
668 2293 794 2342 'cructrem
823 2292 923 2354 lucrm,
957 2292 989 2343 ut
1020 2283 1091 2342 berre
1114 2280 1170 2340 tibi

57 2395 101 2455 sit
123 2402 151 2451 et
173 2400 209 2453 ut
231 2392 393 2471 lunpuecus
422 2394 462 2450 ris
492 2393 524 2450 iu
553 2398 653 2460 terra,
685 2411 774 2470 quum
804 2412 862 2471 epo
885 2392 928 2451 do
951 2392 1007 2451 tibi
1029 2390 1169 2449 deminus

57 2503 144 2562 deur.
188 2502 362 2561 Praeterea
383 2502 422 2559 de
445 2501 583 2558 iustitia:
614 2499 687 2559 Nou
708 2500 929 2577 moechaberis,
951 2518 1013 2557 nun
1036 2495 1168 2560 occides,

57 2630 122 2671 eron
148 2611 315 2688 furaberis,
347 2629 408 2668 nou
436 2607 521 2688 falso
553 2608 710 2669 testaberis
740 2615 849 2669 contra
876 2607 1055 2686 proximum
1086 2611 1168 2664 tuum

59 2717 260 2787 testimouium
280 2717 404 2796 fulsum,
426 2736 488 2775 non
509 2717 702 2794 concupisces
723 2734 848 2776 utmorem
868 2716 1009 2793 proximi
1031 2713 1085 2780 tui,
1106 2730 1169 2770 non

56 2829 259 2907 concupisces
282 2827 404 2887 domum
433 2826 494 2884 ciue
516 2843 572 2883 nec
594 2844 702 2902 aprum
732 2825 794 2884 cius
816 2844 870 2883 nec
891 2825 1005 2884 omnum
1027 2823 1089 2883 eius
1111 2840 1166 2881 nec

56 2935 205 2998 eccillum
231 2937 293 2996 cicc
322 2955 379 2996 nec
408 2934 508 2994 bouem
541 2933 602 2992 eius
632 2952 688 2992 neo
718 2933 880 2992 iumentum
910 2934 973 2994 eice
998 2929 1165 2992 cocullum

58 3147 103 3199 lib.
122 3147 156 3196 ll.
175 3161 197 3196 c.
216 3145 249 3197 34
267 3145 328 3210 fin.)
350 3145 375 3195 in
394 3143 479 3195 elice
497 3143 596 3208 (praec.
630 3144 716 3200 testati
735 3143 875 3209 praefuisse
901 3144 937 3209 (c.
955 3141 972 3194 4
990 3139 1047 3193 coll.
1068 3155 1089 3192 c.
1108 3138 1165 3206 30),

58 3229 208 3296 5-1oepz
234 3230 264 3280 de
291 3229 434 3291 adulterio,
459 3226 490 3279 de
509 3226 603 3290 caedes
629 3227 690 3279 illud
709 3228 844 3293 observet3
862 3241 917 3279 nem
937 3227 1023 3279 statim
1041 3225 1110 3278 addit
1128 3225 1166 3276 le-

58 3314 90 3367 de
108 3316 187 3378 lnrlo,
206 3313 236 3366 dc
253 3315 315 3366 falso
331 3313 485 3377 testimonio,
504 3311 594 3364 dede·
630 3327 686 3376 gem
712 3309 796 3364 noeti
814 3311 853 3380 τῷ
872 3308 965 3380 κόσμῳ
991 3311 1072 3363 deletu
1098 3325 1165 3362 csse.

57 3399 152 3452 siderio
184 3414 271 3451 eorum
302 3412 366 3465 queo
396 3397 504 3462 proximi
535 3401 595 3448 sunt
630 3397 668 3448 Gt.
686 3413 707 3449 c.
727 3397 767 3448 10.
787 3413 811 3448 n.
830 3397 855 3448 4.
875 3425 910 3436 -
938 3397 997 3448 Pur.
1017 3391 1068 3448 criu
1088 3391 1165 3447 ἔσον-

57 3484 103 3547 (cl.
122 3482 223 3534 Knobel
241 3483 274 3532 D.
290 3484 321 3535 B.
341 3482 450 3533 Euodus
468 3499 496 3533 u.
512 3480 594 3532 Levi·
628 3500 676 3532 ται
694 3480 759 3534 decl
778 3477 880 3545 ἕτεροι.

56 3569 129 3620 tiones
147 3568 274 3630 collucet,
293 3567 364 3633 Lips.
384 3565 460 3629 1852,
478 3581 503 3633 p.
520 3563 593 3630 198),
697 3600 722 3650 5.
743 3596 772 3651 ἐν
784 3600 823 3666 τῷ
837 3591 897 3662 οὖρ.
915 3591 974 3649 ἄνω
988 3589 1004 3663 ἢ
1017 3591 1081 3663 ὅσα]
1100 3599 1163 3650 Duc·

56 3650 89 3703 (¹0
115 3649 204 3702 ⁰ffi⁰ll⁵
230 3651 431 3716 masslslsahfflm'
474 3650 593 3700 Ultimum
629 3687 654 3735 el
672 3684 739 3735 llcr.
758 3683 1016 3735 omiseruntvitiosc.
1052 3682 1118 3735 Feli.
1138 3687 1165 3734 ct

57 3738 105 3789 1100
124 3739 288 3804 praeceptum
307 3733 373 3802 qnod
391 3735 491 3799 eltincl,
510 3734 594 3786 Theo·
629 3768 699 3820 wolf

401 3819 430 3831 ‚.
697 3769 761 3820 ,τῶ
779 3761 839 3818 ἄνω
864 3766 918 3818 sinc
937 3765 987 3817 ulla
1006 3767 1163 3819 auctoritate.

57 3820 142 3888 philus
161 3821 320 3885 potissimum
338 3824 445 3887 resprcrt
462 3818 491 3870 ed
507 3818 593 3870 melem
743 3819 750 3837 ‘

58 3907 264 3959 christianorum
279 3920 292 3956 c
307 3904 451 3957 Gentilibus
466 3898 535 3956 eeld'c
550 3919 594 3955 ve·
698 3903 721 3955 6.
751 3898 766 3956 ὁ
783 3902 867 3970 θεός]
899 3903 957 3956 Per.
967 3897 998 3956 ’ὁ
1016 3903 1085 3966 θεός
1103 3919 1163 3956 σου.

56 3995 176 4043 xutorum
195 3989 375 4044 conditionem.
411 3990 470 4042 Vult
491 3986 593 4041 efficere
628 3987 695 4041 Bibl.
721 3978 755 4054 ἧς
781 3986 880 4054 κύριος
900 3984 921 4052 ut
946 3983 1016 4049 dede
1042 4005 1094 4042 coc
1121 3989 1163 4041 di·

57 4079 87 4126 ut
104 4075 255 4140 Autolycus,
277 4075 318 4142 qui
337 4074 436 4128 videtur
455 4073 528 4128 ulicui
547 4085 593 4140 po·
629 4072 699 4125 δωσί
716 4089 768 4125 σοι.
895 4063 898 4070 ’
