<?xml version="1.0" encoding="UTF-8"?>
<!DOCTYPE html PUBLIC "-//W3C//DTD XHTML 1.0 Transitional//EN"
    "http://www.w3.org/TR/xhtml1/DTD/xhtml1-transitional.dtd">
<html xmlns="http://www.w3.org/1999/xhtml" xml:lang="en" lang="en">
 <head>
  <title>
</title>
<meta http-equiv="Content-Type" content="text/html;charset=utf-8" />
  <meta name='ocr-system' content='tesseract 3.04.00' />
  <meta name='ocr-capabilities' content='ocr_page ocr_carea ocr_par ocr_line ocrx_word'/>
</head>
<body>
  <div class='ocr_page' id='page_1' title='image "./corpusapologeta00unkngoog_0420.png"; bbox 0 0 2836 4852; ppageno 0'>
   <div class='ocr_carea' id='block_1_1' title="bbox 176 250 1280 324">
    <p class='ocr_par' dir='ltr' id='par_1_1' title="bbox 176 250 1280 324">
     <span class='ocr_line' id='line_1_1' title="bbox 176 250 1280 324; baseline 0.006 -7"><span class='ocrx_word' id='word_1_1' title='bbox 176 250 178 258; x_wconf 76' lang='grc'>’</span> <span class='ocrx_word' id='word_1_2' title='bbox 280 255 661 321; x_wconf 76' lang='lat' dir='ltr'><strong>condunualelondlt</strong></span> <span class='ocrx_word' id='word_1_3' title='bbox 681 257 725 321; x_wconf 77' lang='lat' dir='ltr'><strong>itt</strong></span> <span class='ocrx_word' id='word_1_4' title='bbox 746 255 988 324; x_wconf 65' lang='lat' dir='ltr'><strong>avendum</strong></span> <span class='ocrx_word' id='word_1_5' title='bbox 1008 256 1086 319; x_wconf 83' lang='lat' dir='ltr'><strong>LlB.</strong></span> <span class='ocrx_word' id='word_1_6' title='bbox 1105 258 1129 318; x_wconf 87' lang='grc' dir='ltr'><strong>Ι.</strong></span> <span class='ocrx_word' id='word_1_7' title='bbox 1194 253 1280 324; x_wconf 56' lang='grc' dir='ltr'><strong>295ῃ</strong></span> 
     </span>
    </p>
   </div>
   <div class='ocr_carea' id='block_1_2' title="bbox 151 425 1259 514">
    <p class='ocr_par' dir='ltr' id='par_1_2' title="bbox 151 425 1259 514">
     <span class='ocr_line' id='line_1_2' title="bbox 151 425 1259 514; baseline 0.001 -27"><span class='ocrx_word' id='word_1_8' title='bbox 151 425 329 514; x_wconf 86' lang='lat' dir='ltr'><strong>testimonia</strong></span> <span class='ocrx_word' id='word_1_9' title='bbox 351 427 427 489; x_wconf 86' lang='lat' dir='ltr'><strong>fidei</strong></span> <span class='ocrx_word' id='word_1_10' title='bbox 449 428 703 504; x_wconf 73' lang='lat' dir='ltr'><strong>demonstrabat,</strong></span> <span class='ocrx_word' id='word_1_11' title='bbox 729 429 811 489; x_wconf 88' lang='lat' dir='ltr'><strong>unde</strong></span> <span class='ocrx_word' id='word_1_12' title='bbox 832 427 988 506; x_wconf 87' lang='lat' dir='ltr'><strong>debitum,</strong></span> <span class='ocrx_word' id='word_1_13' title='bbox 1015 429 1048 490; x_wconf 95' lang='lat' dir='ltr'><strong>id</strong></span> <span class='ocrx_word' id='word_1_14' title='bbox 1068 429 1120 491; x_wconf 87' lang='lat' dir='ltr'><strong>est</strong></span> <span class='ocrx_word' id='word_1_15' title='bbox 1142 435 1259 506; x_wconf 88' lang='lat' dir='ltr'><strong>pecca-</strong></span> 
     </span>
    </p>
   </div>
   <div class='ocr_carea' id='block_1_3' title="bbox 152 533 1372 618">
    <p class='ocr_par' dir='ltr' id='par_1_3' title="bbox 152 533 1372 618">
     <span class='ocr_line' id='line_1_3' title="bbox 152 533 1372 618; baseline 0.005 -24"><span class='ocrx_word' id='word_1_16' title='bbox 152 538 232 612; x_wconf 90' lang='lat' dir='ltr'><strong>turn,</strong></span> <span class='ocrx_word' id='word_1_17' title='bbox 264 537 390 612; x_wconf 85' lang='lat' dir='ltr'><strong>generis</strong></span> <span class='ocrx_word' id='word_1_18' title='bbox 419 537 545 598; x_wconf 87' lang='lat' dir='ltr'><strong>humani</strong></span> <span class='ocrx_word' id='word_1_19' title='bbox 575 538 678 615; x_wconf 84' lang='lat' dir='ltr'><strong>possit</strong></span> <span class='ocrx_word' id='word_1_20' title='bbox 700 538 843 613; x_wconf 89' lang='lat' dir='ltr'><strong>absolvi,</strong></span> <span class='ocrx_word' id='word_1_21' title='bbox 869 538 942 613; x_wconf 89' lang='lat' dir='ltr'><strong>quia</strong></span> <span class='ocrx_word' id='word_1_22' title='bbox 970 537 1119 614; x_wconf 77' lang='lat' dir='ltr'>passione</span> <span class='ocrx_word' id='word_1_23' title='bbox 1142 533 1272 600; x_wconf 66' lang='lat' dir='ltr'><strong>cbristo</strong></span> <span class='ocrx_word' id='word_1_24' title='bbox 1367 613 1372 618; x_wconf 36' lang='lat'>‚</span> 
     </span>
    </p>
   </div>
   <div class='ocr_carea' id='block_1_4' title="bbox 129 644 1324 2351">
    <p class='ocr_par' dir='ltr' id='par_1_4' title="bbox 151 644 864 722">
     <span class='ocr_line' id='line_1_4' title="bbox 151 644 864 722; baseline 0.003 -20"><span class='ocrx_word' id='word_1_25' title='bbox 151 644 307 704; x_wconf 85' lang='lat' dir='ltr'><strong>liberandi</strong></span> <span class='ocrx_word' id='word_1_26' title='bbox 328 661 453 705; x_wconf 88' lang='lat' dir='ltr'><strong>eramus</strong></span> <span class='ocrx_word' id='word_1_27' title='bbox 475 662 494 704; x_wconf 91' lang='lat' dir='ltr'><strong>a</strong></span> <span class='ocrx_word' id='word_1_28' title='bbox 517 647 632 706; x_wconf 88' lang='lat' dir='ltr'><strong>debitis</strong></span> <span class='ocrx_word' id='word_1_29' title='bbox 657 651 864 722; x_wconf 89' lang='lat' dir='ltr'><strong>peccatorum.</strong></span> 
     </span>
    </p>

    <p class='ocr_par' dir='ltr' id='par_1_5' title="bbox 129 747 1262 1699">
     <span class='ocr_line' id='line_1_5' title="bbox 239 747 1260 834; baseline 0 -21"><span class='ocrx_word' id='word_1_30' title='bbox 239 747 406 814; x_wconf 61' lang='grc' dir='ltr'><strong>12θΝοηπο</strong></span> <span class='ocrx_word' id='word_1_31' title='bbox 432 753 483 815; x_wconf 76' lang='lat' dir='ltr'><strong>lte</strong></span> <span class='ocrx_word' id='word_1_32' title='bbox 512 762 557 815; x_wconf 81' lang='lat' dir='ltr'><strong>ert</strong></span> <span class='ocrx_word' id='word_1_33' title='bbox 579 753 663 834; x_wconf 82' lang='lat' dir='ltr'><strong>filius</strong></span> <span class='ocrx_word' id='word_1_34' title='bbox 686 754 795 834; x_wconf 78' lang='lat' dir='ltr'><strong>Iorepln</strong></span> <span class='ocrx_word' id='word_1_35' title='bbox 816 754 923 833; x_wconf 80' lang='lat' dir='ltr'><strong>sobri?</strong></span> <span class='ocrx_word' id='word_1_36' title='bbox 965 753 1078 815; x_wconf 83' lang='lat' dir='ltr'><strong>Filium</strong></span> <span class='ocrx_word' id='word_1_37' title='bbox 1101 751 1186 813; x_wconf 77' lang='lat' dir='ltr'><strong>fabri</strong></span> <span class='ocrx_word' id='word_1_38' title='bbox 1207 752 1260 822; x_wconf 78' lang='lat' dir='ltr'><strong>vel</strong></span> 
     </span>
     <span class='ocr_line' id='line_1_6' title="bbox 152 861 1261 940; baseline 0 -20"><span class='ocrx_word' id='word_1_39' title='bbox 152 861 192 920; x_wconf 88' lang='lat' dir='ltr'><strong>ab</strong></span> <span class='ocrx_word' id='word_1_40' title='bbox 216 862 483 924; x_wconf 79' lang='lat' dir='ltr'><strong>obtrectatoribus</strong></span> <span class='ocrx_word' id='word_1_41' title='bbox 504 881 540 925; x_wconf 90' lang='lat' dir='ltr'><strong>se</strong></span> <span class='ocrx_word' id='word_1_42' title='bbox 563 863 651 924; x_wconf 88' lang='lat' dir='ltr'><strong>lesus</strong></span> <span class='ocrx_word' id='word_1_43' title='bbox 674 864 775 924; x_wconf 91' lang='lat' dir='ltr'><strong>voluit</strong></span> <span class='ocrx_word' id='word_1_44' title='bbox 793 862 969 940; x_wconf 89' lang='lat' dir='ltr'><strong>appellari,</strong></span> <span class='ocrx_word' id='word_1_45' title='bbox 999 862 1072 937; x_wconf 83' lang='lat' dir='ltr'><strong>quia</strong></span> <span class='ocrx_word' id='word_1_46' title='bbox 1091 863 1162 938; x_wconf 88' lang='lat' dir='ltr'><strong>ipse</strong></span> <span class='ocrx_word' id='word_1_47' title='bbox 1183 877 1261 921; x_wconf 89' lang='lat' dir='ltr'><strong>cen-</strong></span> 
     </span>
     <span class='ocr_line' id='line_1_7' title="bbox 152 969 1262 1050; baseline -0.002 -19"><span class='ocrx_word' id='word_1_48' title='bbox 152 972 238 1031; x_wconf 89' lang='lat' dir='ltr'><strong>ditcr</strong></span> <span class='ocrx_word' id='word_1_49' title='bbox 258 972 362 1031; x_wconf 90' lang='lat' dir='ltr'><strong>mundi</strong></span> <span class='ocrx_word' id='word_1_50' title='bbox 383 973 461 1032; x_wconf 88' lang='lat' dir='ltr'><strong>deus</strong></span> <span class='ocrx_word' id='word_1_51' title='bbox 482 974 511 1031; x_wconf 96' lang='lat' dir='ltr'><strong>in</strong></span> <span class='ocrx_word' id='word_1_52' title='bbox 533 974 686 1050; x_wconf 89' lang='lat' dir='ltr'><strong>principio</strong></span> <span class='ocrx_word' id='word_1_53' title='bbox 709 973 786 1034; x_wconf 83' lang='lat' dir='ltr'><strong>lecit</strong></span> <span class='ocrx_word' id='word_1_54' title='bbox 803 974 924 1032; x_wconf 90' lang='lat' dir='ltr'><strong>coelum</strong></span> <span class='ocrx_word' id='word_1_55' title='bbox 942 974 975 1030; x_wconf 92' lang='lat' dir='ltr'><strong>et</strong></span> <span class='ocrx_word' id='word_1_56' title='bbox 989 974 1116 1046; x_wconf 89' lang='lat' dir='ltr'><strong>terram,</strong></span> <span class='ocrx_word' id='word_1_57' title='bbox 1139 973 1172 1028; x_wconf 90' lang='lat' dir='ltr'><strong>et</strong></span> <span class='ocrx_word' id='word_1_58' title='bbox 1188 969 1262 1044; x_wconf 83' lang='lat' dir='ltr'><strong>quie</strong></span> 
     </span>
     <span class='ocr_line' id='line_1_8' title="bbox 152 1079 1262 1160; baseline 0.005 -25"><span class='ocrx_word' id='word_1_59' title='bbox 152 1082 278 1138; x_wconf 88' lang='lat' dir='ltr'><strong>terrena</strong></span> <span class='ocrx_word' id='word_1_60' title='bbox 302 1097 360 1138; x_wconf 92' lang='lat' dir='ltr'><strong>nos</strong></span> <span class='ocrx_word' id='word_1_61' title='bbox 384 1081 498 1139; x_wconf 86' lang='lat' dir='ltr'><strong>docent</strong></span> <span class='ocrx_word' id='word_1_62' title='bbox 520 1099 600 1156; x_wconf 86' lang='lat' dir='ltr'><strong>queo</strong></span> <span class='ocrx_word' id='word_1_63' title='bbox 623 1083 694 1143; x_wconf 90' lang='lat' dir='ltr'><strong>sunt</strong></span> <span class='ocrx_word' id='word_1_64' title='bbox 716 1081 883 1152; x_wconf 89' lang='lat' dir='ltr'><strong>eoelestia,</strong></span> <span class='ocrx_word' id='word_1_65' title='bbox 905 1082 1000 1156; x_wconf 70' lang='lat' dir='ltr'><strong>onesi</strong></span> <span class='ocrx_word' id='word_1_66' title='bbox 1019 1081 1120 1140; x_wconf 88' lang='lat' dir='ltr'><strong>bonus</strong></span> <span class='ocrx_word' id='word_1_67' title='bbox 1140 1079 1262 1160; x_wconf 81' lang='lat' dir='ltr'><strong>animae</strong></span> 
     </span>
     <span class='ocr_line' id='line_1_9' title="bbox 152 1187 1262 1266; baseline -0.002 -20"><span class='ocrx_word' id='word_1_68' title='bbox 152 1187 243 1248; x_wconf 84' lang='lat' dir='ltr'><strong>saber</strong></span> <span class='ocrx_word' id='word_1_69' title='bbox 270 1189 434 1265; x_wconf 62' lang='lat' dir='ltr'><strong>spiritalia,</strong></span> <span class='ocrx_word' id='word_1_70' title='bbox 449 1190 525 1248; x_wconf 89' lang='lat' dir='ltr'><strong>vitia</strong></span> <span class='ocrx_word' id='word_1_71' title='bbox 549 1194 656 1252; x_wconf 89' lang='lat' dir='ltr'><strong>nostra</strong></span> <span class='ocrx_word' id='word_1_72' title='bbox 677 1191 898 1266; x_wconf 77' lang='lat' dir='ltr'><strong>circumdolat,</strong></span> <span class='ocrx_word' id='word_1_73' title='bbox 929 1192 991 1250; x_wconf 90' lang='lat' dir='ltr'><strong>citu</strong></span> <span class='ocrx_word' id='word_1_74' title='bbox 1012 1190 1106 1250; x_wconf 88' lang='lat' dir='ltr'><strong>etiam</strong></span> <span class='ocrx_word' id='word_1_75' title='bbox 1128 1187 1262 1249; x_wconf 88' lang='lat' dir='ltr'><strong>securim</strong></span> 
     </span>
     <span class='ocr_line' id='line_1_10' title="bbox 151 1297 1260 1374; baseline 0.001 -19"><span class='ocrx_word' id='word_1_76' title='bbox 151 1298 322 1358; x_wconf 81' lang='lat' dir='ltr'><strong>admovens</strong></span> <span class='ocrx_word' id='word_1_77' title='bbox 350 1297 517 1357; x_wconf 78' lang='lat' dir='ltr'><strong>arboribus</strong></span> <span class='ocrx_word' id='word_1_78' title='bbox 539 1299 752 1374; x_wconf 85' lang='lat' dir='ltr'><strong>infoecundis,</strong></span> <span class='ocrx_word' id='word_1_79' title='bbox 779 1315 889 1360; x_wconf 87' lang='lat' dir='ltr'><strong>secare</strong></span> <span class='ocrx_word' id='word_1_80' title='bbox 911 1301 1021 1372; x_wconf 84' lang='lat' dir='ltr'><strong>doctus</strong></span> <span class='ocrx_word' id='word_1_81' title='bbox 1043 1299 1175 1373; x_wconf 82' lang='lat' dir='ltr'><strong>exigna,</strong></span> <span class='ocrx_word' id='word_1_82' title='bbox 1205 1312 1260 1357; x_wconf 84' lang='lat' dir='ltr'><strong>su·</strong></span> 
     </span>
     <span class='ocr_line' id='line_1_11' title="bbox 152 1404 1262 1485; baseline 0 -22"><span class='ocrx_word' id='word_1_83' title='bbox 152 1406 258 1465; x_wconf 90' lang='lat' dir='ltr'><strong>blimia</strong></span> <span class='ocrx_word' id='word_1_84' title='bbox 278 1422 409 1466; x_wconf 85' lang='lat' dir='ltr'><strong>servare</strong></span> <span class='ocrx_word' id='word_1_85' title='bbox 432 1407 627 1485; x_wconf 86' lang='lat' dir='ltr'><strong>culminibus,</strong></span> <span class='ocrx_word' id='word_1_86' title='bbox 649 1408 753 1484; x_wconf 84' lang='lat' dir='ltr'><strong>rigida</strong></span> <span class='ocrx_word' id='word_1_87' title='bbox 775 1409 920 1481; x_wconf 88' lang='lat' dir='ltr'><strong>mentium</strong></span> <span class='ocrx_word' id='word_1_88' title='bbox 941 1409 1072 1484; x_wconf 86' lang='lat' dir='ltr'><strong>spiritus</strong></span> <span class='ocrx_word' id='word_1_89' title='bbox 1091 1407 1164 1481; x_wconf 83' lang='lat' dir='ltr'><strong>igne</strong></span> <span class='ocrx_word' id='word_1_90' title='bbox 1179 1404 1262 1464; x_wconf 81' lang='lat' dir='ltr'><strong>mol-</strong></span> 
     </span>
     <span class='ocr_line' id='line_1_12' title="bbox 129 1513 1262 1593; baseline 0 -21"><span class='ocrx_word' id='word_1_91' title='bbox 129 1514 213 1574; x_wconf 79' lang='lat' dir='ltr'><strong>&#39;lire</strong></span> <span class='ocrx_word' id='word_1_92' title='bbox 236 1517 268 1573; x_wconf 88' lang='lat' dir='ltr'><strong>et</strong></span> <span class='ocrx_word' id='word_1_93' title='bbox 290 1515 321 1573; x_wconf 90' lang='lat' dir='ltr'><strong>in</strong></span> <span class='ocrx_word' id='word_1_94' title='bbox 343 1515 449 1573; x_wconf 86' lang='lat' dir='ltr'><strong>varios</strong></span> <span class='ocrx_word' id='word_1_95' title='bbox 473 1532 547 1574; x_wconf 90' lang='lat' dir='ltr'><strong>osus</strong></span> <span class='ocrx_word' id='word_1_96' title='bbox 569 1533 659 1576; x_wconf 90' lang='lat' dir='ltr'><strong>omne</strong></span> <span class='ocrx_word' id='word_1_97' title='bbox 689 1516 852 1576; x_wconf 84' lang='lat' dir='ltr'><strong>humanum</strong></span> <span class='ocrx_word' id='word_1_98' title='bbox 884 1533 985 1593; x_wconf 82' lang='lat' dir='ltr'><strong>genus</strong></span> <span class='ocrx_word' id='word_1_99' title='bbox 1011 1514 1139 1580; x_wconf 85' lang='lat' dir='ltr'><strong>diversa</strong></span> <span class='ocrx_word' id='word_1_100' title='bbox 1170 1513 1262 1577; x_wconf 85' lang='lat' dir='ltr'><strong>mini-</strong></span> 
     </span>
     <span class='ocr_line' id='line_1_13' title="bbox 153 1622 819 1699; baseline 0.005 -19"><span class='ocrx_word' id='word_1_101' title='bbox 153 1623 321 1683; x_wconf 89' lang='lat' dir='ltr'><strong>steriorum</strong></span> <span class='ocrx_word' id='word_1_102' title='bbox 343 1623 496 1699; x_wconf 78' lang='lat' dir='ltr'><strong>qualitate</strong></span> <span class='ocrx_word' id='word_1_103' title='bbox 518 1622 666 1683; x_wconf 81' lang='lat' dir='ltr'><strong>formare.</strong></span> <span class='ocrx_word' id='word_1_104' title='bbox 814 1622 819 1630; x_wconf 87' lang='lat'>&#39;</span> 
     </span>
    </p>

    <p class='ocr_par' dir='ltr' id='par_1_6' title="bbox 152 1723 1324 2351">
     <span class='ocr_line' id='line_1_14' title="bbox 240 1723 1262 1812; baseline 0.001 -21"><span class='ocrx_word' id='word_1_105' title='bbox 240 1723 434 1791; x_wconf 78' lang='lat' dir='ltr'><strong>¹²¹Herodee</strong></span> <span class='ocrx_word' id='word_1_106' title='bbox 462 1733 539 1791; x_wconf 82' lang='lat' dir='ltr'><strong>enim</strong></span> <span class='ocrx_word' id='word_1_107' title='bbox 570 1734 666 1793; x_wconf 83' lang='lat' dir='ltr'><strong>tenuit</strong></span> <span class='ocrx_word' id='word_1_108' title='bbox 688 1732 830 1794; x_wconf 77' lang='lat' dir='ltr'><strong>Iounrrom</strong></span> <span class='ocrx_word' id='word_1_109' title='bbox 852 1741 882 1794; x_wconf 85' lang='lat' dir='ltr'><strong>ct</strong></span> <span class='ocrx_word' id='word_1_110' title='bbox 903 1732 1047 1812; x_wconf 75' lang='lat' dir='ltr'><strong>ollipuce&#39;t</strong></span> <span class='ocrx_word' id='word_1_111' title='bbox 1069 1753 1134 1793; x_wconf 83' lang='lat' dir='ltr'><strong>eum</strong></span> <span class='ocrx_word' id='word_1_112' title='bbox 1153 1738 1262 1810; x_wconf 79' lang='lat' dir='ltr'><strong>caput-</strong></span> 
     </span>
     <span class='ocr_line' id='line_1_15' title="bbox 153 1838 1263 1924; baseline 0.001 -26"><span class='ocrx_word' id='word_1_113' title='bbox 153 1857 210 1919; x_wconf 81' lang='lat' dir='ltr'><strong>que</strong></span> <span class='ocrx_word' id='word_1_114' title='bbox 231 1840 293 1899; x_wconf 81' lang='lat' dir='ltr'><strong>eius</strong></span> <span class='ocrx_word' id='word_1_115' title='bbox 315 1838 458 1898; x_wconf 77' lang='lat' dir='ltr'><strong>indisso</strong></span> <span class='ocrx_word' id='word_1_116' title='bbox 481 1839 675 1900; x_wconf 76' lang='lat' dir='ltr'><strong>odoramata</strong></span> <span class='ocrx_word' id='word_1_117' title='bbox 697 1843 755 1902; x_wconf 72' lang='lat' dir='ltr'><strong>eidi</strong></span> <span class='ocrx_word' id='word_1_118' title='bbox 774 1845 852 1920; x_wconf 78' lang='lat' dir='ltr'><strong>fecit</strong></span> <span class='ocrx_word' id='word_1_119' title='bbox 872 1845 988 1924; x_wconf 80' lang='lat' dir='ltr'><strong>offerri.</strong></span> <span class='ocrx_word' id='word_1_120' title='bbox 1024 1842 1136 1904; x_wconf 82' lang='lat' dir='ltr'><strong>Discus</strong></span> <span class='ocrx_word' id='word_1_121' title='bbox 1154 1840 1263 1903; x_wconf 82' lang='lat' dir='ltr'><strong>novis·</strong></span> 
     </span>
     <span class='ocr_line' id='line_1_16' title="bbox 152 1947 1265 2025; baseline 0.004 -20"><span class='ocrx_word' id='word_1_122' title='bbox 152 1949 260 2006; x_wconf 87' lang='lat' dir='ltr'><strong>simam</strong></span> <span class='ocrx_word' id='word_1_123' title='bbox 287 1947 386 2009; x_wconf 86' lang='lat' dir='ltr'><strong>seculi</strong></span> <span class='ocrx_word' id='word_1_124' title='bbox 416 1951 537 2023; x_wconf 88' lang='lat' dir='ltr'><strong>partem</strong></span> <span class='ocrx_word' id='word_1_125' title='bbox 566 1949 738 2025; x_wconf 83' lang='lat' dir='ltr'><strong>significat;</strong></span> <span class='ocrx_word' id='word_1_126' title='bbox 770 1951 904 2011; x_wconf 84' lang='lat' dir='ltr'><strong>futurum</strong></span> <span class='ocrx_word' id='word_1_127' title='bbox 928 1953 1008 2010; x_wconf 86' lang='lat' dir='ltr'><strong>enim</strong></span> <span class='ocrx_word' id='word_1_128' title='bbox 1032 1954 1102 2012; x_wconf 85' lang='lat' dir='ltr'><strong>erat</strong></span> <span class='ocrx_word' id='word_1_129' title='bbox 1123 1948 1265 2010; x_wconf 82' lang='lat' dir='ltr'><strong>novissi-</strong></span> 
     </span>
     <span class='ocr_line' id='line_1_17' title="bbox 152 2057 1324 2137; baseline 0.002 -23"><span class='ocrx_word' id='word_1_130' title='bbox 152 2057 209 2114; x_wconf 89' lang='lat' dir='ltr'><strong>mis</strong></span> <span class='ocrx_word' id='word_1_131' title='bbox 232 2057 424 2132; x_wconf 78' lang='lat' dir='ltr'><strong>temporibus</strong></span> <span class='ocrx_word' id='word_1_132' title='bbox 455 2061 488 2115; x_wconf 89' lang='lat' dir='ltr'><strong>ut</strong></span> <span class='ocrx_word' id='word_1_133' title='bbox 515 2058 641 2135; x_wconf 88' lang='lat' dir='ltr'><strong>puella,</strong></span> <span class='ocrx_word' id='word_1_134' title='bbox 670 2059 703 2117; x_wconf 92' lang='lat' dir='ltr'><strong>id</strong></span> <span class='ocrx_word' id='word_1_135' title='bbox 730 2064 781 2118; x_wconf 90' lang='lat' dir='ltr'><strong>est</strong></span> <span class='ocrx_word' id='word_1_136' title='bbox 803 2061 953 2136; x_wconf 88' lang='lat' dir='ltr'><strong>ecclesia,</strong></span> <span class='ocrx_word' id='word_1_137' title='bbox 979 2062 1139 2137; x_wconf 87' lang='lat' dir='ltr'><strong>acciperet</strong></span> <span class='ocrx_word' id='word_1_138' title='bbox 1169 2061 1266 2134; x_wconf 82' lang='lat' dir='ltr'><strong>ceput</strong></span> <span class='ocrx_word' id='word_1_139' title='bbox 1320 2080 1324 2089; x_wconf 58' lang='lat'><strong>⁴</strong></span> 
     </span>
     <span class='ocr_line' id='line_1_18' title="bbox 153 2164 1263 2245; baseline 0.001 -21"><span class='ocrx_word' id='word_1_140' title='bbox 153 2164 288 2241; x_wconf 80' lang='lat' dir='ltr'><strong>curisti,</strong></span> <span class='ocrx_word' id='word_1_141' title='bbox 317 2165 401 2239; x_wconf 85' lang='lat' dir='ltr'><strong>quod</strong></span> <span class='ocrx_word' id='word_1_142' title='bbox 423 2165 536 2223; x_wconf 87' lang='lat' dir='ltr'><strong>obtulit</strong></span> <span class='ocrx_word' id='word_1_143' title='bbox 557 2167 679 2242; x_wconf 88' lang='lat' dir='ltr'><strong>matri,·</strong></span> <span class='ocrx_word' id='word_1_144' title='bbox 695 2168 815 2227; x_wconf 86' lang='lat' dir='ltr'><strong>scilicet</strong></span> <span class='ocrx_word' id='word_1_145' title='bbox 838 2185 1033 2245; x_wconf 86' lang='lat' dir='ltr'><strong>synogogae.</strong></span> <span class='ocrx_word' id='word_1_146' title='bbox 1076 2167 1163 2244; x_wconf 84' lang='lat' dir='ltr'><strong>Ergo</strong></span> <span class='ocrx_word' id='word_1_147' title='bbox 1186 2183 1263 2242; x_wconf 88' lang='lat' dir='ltr'><strong>pas·</strong></span> 
     </span>
     <span class='ocr_line' id='line_1_19' title="bbox 152 2273 879 2351; baseline 0.004 -21"><span class='ocrx_word' id='word_1_148' title='bbox 152 2274 270 2336; x_wconf 83' lang='lat' dir='ltr'><strong>sionem</strong></span> <span class='ocrx_word' id='word_1_149' title='bbox 296 2273 413 2331; x_wconf 84' lang='lat' dir='ltr'><strong>Christi</strong></span> <span class='ocrx_word' id='word_1_150' title='bbox 435 2274 590 2347; x_wconf 77' lang='lat' dir='ltr'><strong>significat</strong></span> <span class='ocrx_word' id='word_1_151' title='bbox 612 2274 737 2334; x_wconf 88' lang='lat' dir='ltr'><strong>loannis</strong></span> <span class='ocrx_word' id='word_1_152' title='bbox 761 2279 879 2351; x_wconf 84' lang='lat' dir='ltr'><strong>passio.</strong></span> 
     </span>
    </p>
   </div>
   <div class='ocr_carea' id='block_1_5' title="bbox 240 2376 1261 2462">
    <p class='ocr_par' dir='ltr' id='par_1_7' title="bbox 240 2376 1261 2462">
     <span class='ocr_line' id='line_1_20' title="bbox 240 2376 1261 2462; baseline -0.002 -21"><span class='ocrx_word' id='word_1_153' title='bbox 240 2376 284 2417; x_wconf 83' lang='lat'><strong>¹²²</strong></span> <span class='ocrx_word' id='word_1_154' title='bbox 294 2381 366 2443; x_wconf 80' lang='lat' dir='ltr'><strong>Non</strong></span> <span class='ocrx_word' id='word_1_155' title='bbox 389 2381 462 2441; x_wconf 83' lang='lat' dir='ltr'><strong>dico</strong></span> <span class='ocrx_word' id='word_1_156' title='bbox 485 2382 540 2440; x_wconf 77' lang='lat' dir='ltr'><strong>litt</strong></span> <span class='ocrx_word' id='word_1_157' title='bbox 561 2383 672 2457; x_wconf 80' lang='lat' dir='ltr'><strong>septica</strong></span> <span class='ocrx_word' id='word_1_158' title='bbox 693 2383 749 2445; x_wconf 78' lang='lat' dir='ltr'><strong>secl</strong></span> <span class='ocrx_word' id='word_1_159' title='bbox 765 2390 900 2462; x_wconf 73' lang='lat' dir='ltr'><strong>atrisque</strong></span> <span class='ocrx_word' id='word_1_160' title='bbox 916 2385 1120 2461; x_wconf 78' lang='lat' dir='ltr'><strong>soptrrupcsirr</strong></span> <span class='ocrx_word' id='word_1_161' title='bbox 1135 2382 1261 2459; x_wconf 78' lang='lat' dir='ltr'><strong>septies:</strong></span> 
     </span>
    </p>
   </div>
   <div class='ocr_carea' id='block_1_6' title="bbox 152 2489 1321 3956">
    <p class='ocr_par' dir='ltr' id='par_1_8' title="bbox 152 2489 1321 3956">
     <span class='ocr_line' id='line_1_21' title="bbox 152 2489 1263 2566; baseline -0.003 -17"><span class='ocrx_word' id='word_1_162' title='bbox 152 2493 184 2552; x_wconf 93' lang='lat' dir='ltr'><strong>id</strong></span> <span class='ocrx_word' id='word_1_163' title='bbox 206 2494 256 2551; x_wconf 88' lang='lat' dir='ltr'><strong>est</strong></span> <span class='ocrx_word' id='word_1_164' title='bbox 276 2493 338 2550; x_wconf 76' lang='lat' dir='ltr'><strong>leo</strong></span> <span class='ocrx_word' id='word_1_165' title='bbox 360 2490 499 2562; x_wconf 89' lang='lat' dir='ltr'><strong>vicibus,</strong></span> <span class='ocrx_word' id='word_1_166' title='bbox 524 2491 557 2548; x_wconf 88' lang='lat' dir='ltr'><strong>ut</strong></span> <span class='ocrx_word' id='word_1_167' title='bbox 579 2491 695 2550; x_wconf 90' lang='lat' dir='ltr'><strong>totiens</strong></span> <span class='ocrx_word' id='word_1_168' title='bbox 716 2491 771 2549; x_wconf 92' lang='lat' dir='ltr'><strong>ille</strong></span> <span class='ocrx_word' id='word_1_169' title='bbox 795 2492 938 2566; x_wconf 89' lang='lat' dir='ltr'><strong>peccanti</strong></span> <span class='ocrx_word' id='word_1_170' title='bbox 963 2490 1133 2551; x_wconf 88' lang='lat' dir='ltr'><strong>dimitteret</strong></span> <span class='ocrx_word' id='word_1_171' title='bbox 1158 2491 1189 2547; x_wconf 93' lang='lat' dir='ltr'><strong>in</strong></span> <span class='ocrx_word' id='word_1_172' title='bbox 1212 2489 1263 2553; x_wconf 86' lang='lat' dir='ltr'><strong>die</strong></span> 
     </span>
     <span class='ocr_line' id='line_1_22' title="bbox 154 2589 1263 2674; baseline -0.005 -13"><span class='ocrx_word' id='word_1_173' title='bbox 154 2601 298 2674; x_wconf 85' lang='lat' dir='ltr'><strong>quotiens</strong></span> <span class='ocrx_word' id='word_1_174' title='bbox 324 2600 379 2660; x_wconf 92' lang='lat' dir='ltr'><strong>ille</strong></span> <span class='ocrx_word' id='word_1_175' title='bbox 401 2614 535 2674; x_wconf 86' lang='lat' dir='ltr'><strong>peccare</strong></span> <span class='ocrx_word' id='word_1_176' title='bbox 557 2615 619 2656; x_wconf 93' lang='lat' dir='ltr'><strong>non</strong></span> <span class='ocrx_word' id='word_1_177' title='bbox 643 2601 767 2674; x_wconf 83' lang='lat' dir='ltr'><strong>posset,</strong></span> <span class='ocrx_word' id='word_1_178' title='bbox 791 2600 859 2659; x_wconf 87' lang='lat' dir='ltr'><strong>sive</strong></span> <span class='ocrx_word' id='word_1_179' title='bbox 882 2600 953 2672; x_wconf 83' lang='lat' dir='ltr'><strong>qnia</strong></span> <span class='ocrx_word' id='word_1_180' title='bbox 978 2597 1029 2659; x_wconf 87' lang='lat' dir='ltr'><strong>bic</strong></span> <span class='ocrx_word' id='word_1_181' title='bbox 1049 2589 1195 2661; x_wconf 83' lang='lat' dir='ltr'><strong>numerus</strong></span> <span class='ocrx_word' id='word_1_182' title='bbox 1217 2597 1263 2659; x_wconf 90' lang='lat' dir='ltr'><strong>ita</strong></span> 
     </span>
     <span class='ocr_line' id='line_1_23' title="bbox 154 2704 1265 2781; baseline -0.004 -13"><span class='ocrx_word' id='word_1_183' title='bbox 154 2710 265 2770; x_wconf 89' lang='lat' dir='ltr'><strong>veniae</strong></span> <span class='ocrx_word' id='word_1_184' title='bbox 288 2705 434 2768; x_wconf 87' lang='lat' dir='ltr'><strong>convenit</strong></span> <span class='ocrx_word' id='word_1_185' title='bbox 465 2709 497 2765; x_wconf 91' lang='lat' dir='ltr'><strong>ut</strong></span> <span class='ocrx_word' id='word_1_186' title='bbox 519 2722 650 2781; x_wconf 88' lang='lat' dir='ltr'><strong>poenae.</strong></span> <span class='ocrx_word' id='word_1_187' title='bbox 693 2706 770 2766; x_wconf 86' lang='lat' dir='ltr'><strong>Nam</strong></span> <span class='ocrx_word' id='word_1_188' title='bbox 795 2707 835 2766; x_wconf 88' lang='lat' dir='ltr'><strong>de</strong></span> <span class='ocrx_word' id='word_1_189' title='bbox 856 2706 991 2769; x_wconf 82' lang='lat' dir='ltr'><strong>Lamech</strong></span> <span class='ocrx_word' id='word_1_190' title='bbox 1014 2707 1058 2766; x_wconf 86' lang='lat' dir='ltr'><strong>ita</strong></span> <span class='ocrx_word' id='word_1_191' title='bbox 1081 2704 1265 2780; x_wconf 80' lang='lat' dir='ltr'><strong>septuagies</strong></span> 
     </span>
     <span class='ocr_line' id='line_1_24' title="bbox 154 2812 1263 2893; baseline -0.005 -18"><span class='ocrx_word' id='word_1_192' title='bbox 154 2817 273 2893; x_wconf 87' lang='lat' dir='ltr'><strong>septies</strong></span> <span class='ocrx_word' id='word_1_193' title='bbox 298 2816 486 2875; x_wconf 86' lang='lat' dir='ltr'><strong>vindicatum</strong></span> <span class='ocrx_word' id='word_1_194' title='bbox 509 2816 576 2888; x_wconf 85' lang='lat' dir='ltr'><strong>est,</strong></span> <span class='ocrx_word' id='word_1_195' title='bbox 605 2815 686 2875; x_wconf 91' lang='lat' dir='ltr'><strong>sicut</strong></span> <span class='ocrx_word' id='word_1_196' title='bbox 708 2818 741 2873; x_wconf 89' lang='lat' dir='ltr'><strong>ot</strong></span> <span class='ocrx_word' id='word_1_197' title='bbox 760 2816 882 2891; x_wconf 84' lang='lat' dir='ltr'><strong>posteri</strong></span> <span class='ocrx_word' id='word_1_198' title='bbox 912 2816 1149 2889; x_wconf 81' lang='lat' dir='ltr'><strong>imitatoresque</strong></span> <span class='ocrx_word' id='word_1_199' title='bbox 1172 2812 1263 2877; x_wconf 85' lang='lat' dir='ltr'><strong>mali-</strong></span> 
     </span>
     <span class='ocr_line' id='line_1_25' title="bbox 154 2917 1321 2999; baseline -0.001 -16"><span class='ocrx_word' id='word_1_200' title='bbox 154 2925 218 2984; x_wconf 88' lang='lat' dir='ltr'><strong>tiae</strong></span> <span class='ocrx_word' id='word_1_201' title='bbox 242 2923 310 2982; x_wconf 90' lang='lat' dir='ltr'><strong>eius</strong></span> <span class='ocrx_word' id='word_1_202' title='bbox 333 2920 440 2981; x_wconf 89' lang='lat' dir='ltr'><strong>ludaei</strong></span> <span class='ocrx_word' id='word_1_203' title='bbox 463 2923 696 2997; x_wconf 82' lang='lat' dir='ltr'><strong>septuagesimo</strong></span> <span class='ocrx_word' id='word_1_204' title='bbox 717 2941 815 2999; x_wconf 86' lang='lat' dir='ltr'><strong>anno,</strong></span> <span class='ocrx_word' id='word_1_205' title='bbox 837 2923 938 2984; x_wconf 84' lang='lat' dir='ltr'><strong>Esdra</strong></span> <span class='ocrx_word' id='word_1_206' title='bbox 961 2917 1115 2997; x_wconf 74' lang='lat' dir='ltr'><strong>ducente,¹</strong></span> <span class='ocrx_word' id='word_1_207' title='bbox 1137 2923 1176 2981; x_wconf 91' lang='lat' dir='ltr'><strong>de</strong></span> <span class='ocrx_word' id='word_1_208' title='bbox 1198 2921 1262 2983; x_wconf 83' lang='lat' dir='ltr'><strong>Ba·</strong></span> <span class='ocrx_word' id='word_1_209' title='bbox 1318 2977 1321 2982; x_wconf 86' lang='lat'><em>.</em></span> 
     </span>
     <span class='ocr_line' id='line_1_26' title="bbox 155 3025 1264 3111; baseline -0.002 -22"><span class='ocrx_word' id='word_1_210' title='bbox 155 3031 273 3106; x_wconf 89' lang='lat' dir='ltr'><strong>bylone</strong></span> <span class='ocrx_word' id='word_1_211' title='bbox 301 3031 427 3089; x_wconf 87' lang='lat' dir='ltr'><strong>rediere</strong></span> <span class='ocrx_word' id='word_1_212' title='bbox 455 3029 584 3105; x_wconf 90' lang='lat' dir='ltr'><strong>captivi.</strong></span> <span class='ocrx_word' id='word_1_213' title='bbox 631 3025 730 3093; x_wconf 72' lang='lat' dir='ltr'><strong>¹²³lt&#39;t</strong></span> <span class='ocrx_word' id='word_1_214' title='bbox 758 3053 824 3092; x_wconf 83' lang='lat' dir='ltr'><strong>cum</strong></span> <span class='ocrx_word' id='word_1_215' title='bbox 852 3034 1000 3111; x_wconf 80' lang='lat' dir='ltr'><strong>coepisset</strong></span> <span class='ocrx_word' id='word_1_216' title='bbox 1028 3031 1177 3089; x_wconf 79' lang='lat' dir='ltr'><strong>rationem</strong></span> <span class='ocrx_word' id='word_1_217' title='bbox 1203 3046 1264 3105; x_wconf 81' lang='lat' dir='ltr'><strong>pc·</strong></span> 
     </span>
     <span class='ocr_line' id='line_1_27' title="bbox 155 3134 1263 3217; baseline -0.003 -21"><span class='ocrx_word' id='word_1_218' title='bbox 155 3157 242 3206; x_wconf 81' lang='lat' dir='ltr'><strong>uere,</strong></span> <span class='ocrx_word' id='word_1_219' title='bbox 273 3137 390 3198; x_wconf 80' lang='lat' dir='ltr'><strong>oblutus</strong></span> <span class='ocrx_word' id='word_1_220' title='bbox 418 3145 461 3197; x_wconf 80' lang='lat' dir='ltr'><strong>est</strong></span> <span class='ocrx_word' id='word_1_221' title='bbox 484 3139 513 3196; x_wconf 83' lang='lat' dir='ltr'><strong>ei</strong></span> <span class='ocrx_word' id='word_1_222' title='bbox 534 3156 608 3196; x_wconf 75' lang='lat' dir='ltr'><strong>ursus</strong></span> <span class='ocrx_word' id='word_1_223' title='bbox 633 3140 686 3216; x_wconf 71' lang='lat' dir='ltr'><strong>quei</strong></span> <span class='ocrx_word' id='word_1_224' title='bbox 707 3140 834 3201; x_wconf 77' lang='lat' dir='ltr'><strong>debebat</strong></span> <span class='ocrx_word' id='word_1_225' title='bbox 854 3143 884 3200; x_wconf 83' lang='lat' dir='ltr'><strong>ei</strong></span> <span class='ocrx_word' id='word_1_226' title='bbox 905 3140 1007 3200; x_wconf 80' lang='lat' dir='ltr'><strong>decem</strong></span> <span class='ocrx_word' id='word_1_227' title='bbox 1027 3136 1113 3198; x_wconf 77' lang='lat' dir='ltr'><strong>osilia</strong></span> <span class='ocrx_word' id='word_1_228' title='bbox 1135 3134 1263 3217; x_wconf 78' lang='lat' dir='ltr'><strong>talento.</strong></span> 
     </span>
     <span class='ocr_line' id='line_1_28' title="bbox 154 3243 1266 3327; baseline -0.004 -18"><span class='ocrx_word' id='word_1_229' title='bbox 154 3248 216 3309; x_wconf 91' lang='lat' dir='ltr'><strong>Per</strong></span> <span class='ocrx_word' id='word_1_230' title='bbox 236 3263 360 3306; x_wconf 88' lang='lat' dir='ltr'><strong>servum</strong></span> <span class='ocrx_word' id='word_1_231' title='bbox 381 3248 555 3306; x_wconf 86' lang='lat' dir='ltr'><strong>debitorem</strong></span> <span class='ocrx_word' id='word_1_232' title='bbox 576 3264 712 3307; x_wconf 86' lang='lat' dir='ltr'><strong>summae</strong></span> <span class='ocrx_word' id='word_1_233' title='bbox 733 3252 915 3327; x_wconf 85' lang='lat' dir='ltr'><strong>praedictae</strong></span> <span class='ocrx_word' id='word_1_234' title='bbox 937 3251 1103 3310; x_wconf 83' lang='lat' dir='ltr'><strong>universos</strong></span> <span class='ocrx_word' id='word_1_235' title='bbox 1126 3243 1266 3307; x_wconf 83' lang='lat' dir='ltr'><strong>homines</strong></span> 
     </span>
     <span class='ocr_line' id='line_1_29' title="bbox 156 3353 1267 3434; baseline -0.005 -16"><span class='ocrx_word' id='word_1_236' title='bbox 156 3353 311 3432; x_wconf 79' lang='lat' dir='ltr'><strong>siguificat</strong></span> <span class='ocrx_word' id='word_1_237' title='bbox 343 3357 554 3431; x_wconf 85' lang='lat' dir='ltr'><strong>generaliter,</strong></span> <span class='ocrx_word' id='word_1_238' title='bbox 591 3358 642 3430; x_wconf 85' lang='lat' dir='ltr'><strong>qui</strong></span> <span class='ocrx_word' id='word_1_239' title='bbox 677 3359 878 3434; x_wconf 85' lang='lat' dir='ltr'><strong>transgresso</strong></span> <span class='ocrx_word' id='word_1_240' title='bbox 912 3360 1066 3433; x_wconf 85' lang='lat' dir='ltr'><strong>decalogo</strong></span> <span class='ocrx_word' id='word_1_241' title='bbox 1101 3357 1267 3420; x_wconf 81' lang='lat' dir='ltr'><strong>debitores</strong></span> 
     </span>
     <span class='ocr_line' id='line_1_30' title="bbox 156 3463 1264 3540; baseline 0 -15"><span class='ocrx_word' id='word_1_242' title='bbox 156 3466 216 3525; x_wconf 89' lang='lat' dir='ltr'><strong>deo</strong></span> <span class='ocrx_word' id='word_1_243' title='bbox 247 3463 369 3523; x_wconf 80' lang='lat' dir='ltr'><strong>fuimus.</strong></span> <span class='ocrx_word' id='word_1_244' title='bbox 419 3463 461 3522; x_wconf 85' lang='lat' dir='ltr'><strong>Et</strong></span> <span class='ocrx_word' id='word_1_245' title='bbox 491 3464 580 3521; x_wconf 90' lang='lat' dir='ltr'><strong>nobis</strong></span> <span class='ocrx_word' id='word_1_246' title='bbox 610 3465 751 3527; x_wconf 89' lang='lat' dir='ltr'><strong>domiuus</strong></span> <span class='ocrx_word' id='word_1_247' title='bbox 782 3469 897 3531; x_wconf 84' lang='lat' dir='ltr'><strong>dimisit</strong></span> <span class='ocrx_word' id='word_1_248' title='bbox 927 3470 1033 3529; x_wconf 88' lang='lat' dir='ltr'><strong>debita</strong></span> <span class='ocrx_word' id='word_1_249' title='bbox 1064 3468 1264 3540; x_wconf 82' lang='lat' dir='ltr'><strong>peecatorum</strong></span> 
     </span>
     <span class='ocr_line' id='line_1_31' title="bbox 155 3572 1267 3651; baseline -0.002 -18"><span class='ocrx_word' id='word_1_250' title='bbox 155 3575 368 3650; x_wconf 86' lang='lat' dir='ltr'><strong>pergratiam</strong></span> <span class='ocrx_word' id='word_1_251' title='bbox 391 3572 590 3649; x_wconf 86' lang='lat' dir='ltr'><strong>baptismatis</strong></span> <span class='ocrx_word' id='word_1_252' title='bbox 613 3573 681 3631; x_wconf 83' lang='lat' dir='ltr'><strong>siue</strong></span> <span class='ocrx_word' id='word_1_253' title='bbox 706 3590 762 3647; x_wconf 92' lang='lat' dir='ltr'><strong>per</strong></span> <span class='ocrx_word' id='word_1_254' title='bbox 785 3577 1016 3651; x_wconf 84' lang='lat' dir='ltr'><strong>poenitentiam.</strong></span> <span class='ocrx_word' id='word_1_255' title='bbox 1062 3573 1109 3630; x_wconf 90' lang='lat' dir='ltr'><strong>lta</strong></span> <span class='ocrx_word' id='word_1_256' title='bbox 1130 3589 1208 3647; x_wconf 83' lang='lat' dir='ltr'><strong>ergo</strong></span> <span class='ocrx_word' id='word_1_257' title='bbox 1231 3574 1267 3637; x_wconf 86' lang='lat' dir='ltr'><strong>et</strong></span> 
     </span>
     <span class='ocr_line' id='line_1_32' title="bbox 156 3679 1262 3758; baseline -0.002 -19"><span class='ocrx_word' id='word_1_258' title='bbox 156 3698 215 3740; x_wconf 90' lang='lat' dir='ltr'><strong>uos</strong></span> <span class='ocrx_word' id='word_1_259' title='bbox 239 3683 374 3740; x_wconf 91' lang='lat' dir='ltr'><strong>caeteris</strong></span> <span class='ocrx_word' id='word_1_260' title='bbox 400 3680 595 3739; x_wconf 89' lang='lat' dir='ltr'><strong>debitoribus</strong></span> <span class='ocrx_word' id='word_1_261' title='bbox 625 3683 743 3741; x_wconf 88' lang='lat' dir='ltr'><strong>nostris</strong></span> <span class='ocrx_word' id='word_1_262' title='bbox 766 3684 930 3758; x_wconf 84' lang='lat' dir='ltr'><strong>indulgere</strong></span> <span class='ocrx_word' id='word_1_263' title='bbox 954 3683 1119 3756; x_wconf 85' lang='lat' dir='ltr'><strong>debemus,</strong></span> <span class='ocrx_word' id='word_1_264' title='bbox 1150 3698 1188 3741; x_wconf 90' lang='lat' dir='ltr'><strong>ue</strong></span> <span class='ocrx_word' id='word_1_265' title='bbox 1211 3679 1262 3738; x_wconf 82' lang='lat' dir='ltr'><strong>el·</strong></span> 
     </span>
     <span class='ocr_line' id='line_1_33' title="bbox 157 3770 1263 3865; baseline 0.005 -19"><span class='ocrx_word' id='word_1_266' title='bbox 157 3788 292 3849; x_wconf 83' lang='lat' dir='ltr'><strong>tectibus</strong></span> <span class='ocrx_word' id='word_1_267' title='bbox 321 3806 467 3848; x_wconf 87' lang='lat' dir='ltr'><strong>sensuum</strong></span> <span class='ocrx_word' id='word_1_268' title='bbox 494 3770 678 3847; x_wconf 83' lang='lat' dir='ltr'><strong>nostrorum</strong></span> <span class='ocrx_word' id='word_1_269' title='bbox 702 3790 825 3848; x_wconf 83' lang='lat' dir='ltr'><strong>amissis</strong></span> <span class='ocrx_word' id='word_1_270' title='bbox 854 3807 1002 3865; x_wconf 81' lang='lat' dir='ltr'><strong>cogamur</strong></span> <span class='ocrx_word' id='word_1_271' title='bbox 1025 3790 1132 3853; x_wconf 83' lang='lat' dir='ltr'><strong>debita</strong></span> <span class='ocrx_word' id='word_1_272' title='bbox 1154 3792 1263 3852; x_wconf 80' lang='lat' dir='ltr'><strong>nostra</strong></span> 
     </span>
     <span class='ocr_line' id='line_1_34' title="bbox 158 3897 295 3956; baseline 0.007 -2"><span class='ocrx_word' id='word_1_273' title='bbox 158 3897 295 3956; x_wconf 86' lang='lat' dir='ltr'><strong>solvere.</strong></span> 
     </span>
    </p>
   </div>
   <div class='ocr_carea' id='block_1_7' title="bbox 212 4057 1247 4214">
    <p class='ocr_par' dir='ltr' id='par_1_9' title="bbox 212 4057 1247 4214">
     <span class='ocr_line' id='line_1_35' title="bbox 213 4057 1247 4129; baseline -0.001 -18"><span class='ocrx_word' id='word_1_274' title='bbox 213 4060 271 4111; x_wconf 72' lang='lat'><strong>120.</strong></span> <span class='ocrx_word' id='word_1_275' title='bbox 293 4061 386 4112; x_wconf 74' lang='lat' dir='ltr'><strong>Nereae</strong></span> <span class='ocrx_word' id='word_1_276' title='bbox 398 4061 461 4128; x_wconf 72' lang='lat' dir='ltr'><strong>cta]</strong></span> <span class='ocrx_word' id='word_1_277' title='bbox 482 4063 573 4114; x_wconf 78' lang='lat' dir='ltr'><strong>barin.</strong></span> <span class='ocrx_word' id='word_1_278' title='bbox 584 4061 676 4126; x_wconf 61' lang='grc'><strong>1155.</strong></span> <span class='ocrx_word' id='word_1_279' title='bbox 799 4063 857 4113; x_wconf 71' lang='lat'><strong>122.</strong></span> <span class='ocrx_word' id='word_1_280' title='bbox 875 4063 936 4112; x_wconf 79' lang='lat' dir='ltr'><strong>Noae</strong></span> <span class='ocrx_word' id='word_1_281' title='bbox 955 4063 1017 4129; x_wconf 75' lang='lat' dir='ltr'><strong>elo]</strong></span> <span class='ocrx_word' id='word_1_282' title='bbox 1038 4061 1126 4114; x_wconf 76' lang='lat' dir='ltr'><strong>breton</strong></span> <span class='ocrx_word' id='word_1_283' title='bbox 1146 4059 1188 4120; x_wconf 77' lang='lat'><strong>18,</strong></span> <span class='ocrx_word' id='word_1_284' title='bbox 1204 4057 1247 4110; x_wconf 78' lang='lat'><strong>22.</strong></span> 
     </span>
     <span class='ocr_line' id='line_1_36' title="bbox 212 4141 1221 4214; baseline -0.003 -17"><span class='ocrx_word' id='word_1_285' title='bbox 212 4144 464 4213; x_wconf 78' lang='lat' dir='ltr'><strong>121.llerodesetc.]</strong></span> <span class='ocrx_word' id='word_1_286' title='bbox 475 4147 564 4198; x_wconf 81' lang='lat' dir='ltr'><strong>blattb.</strong></span> <span class='ocrx_word' id='word_1_287' title='bbox 574 4144 693 4210; x_wconf 81' lang='lat' dir='ltr'><strong>14‚e.11.</strong></span> <span class='ocrx_word' id='word_1_288' title='bbox 800 4147 858 4202; x_wconf 77' lang='lat'>1⁶23.</span> <span class='ocrx_word' id='word_1_289' title='bbox 878 4149 912 4200; x_wconf 82' lang='lat' dir='ltr'><strong>Et</strong></span> <span class='ocrx_word' id='word_1_290' title='bbox 931 4149 991 4214; x_wconf 75' lang='lat' dir='ltr'><strong>etc]</strong></span> <span class='ocrx_word' id='word_1_291' title='bbox 1011 4146 1100 4198; x_wconf 74' lang='lat' dir='ltr'><strong>blaten.</strong></span> <span class='ocrx_word' id='word_1_292' title='bbox 1120 4143 1160 4208; x_wconf 84' lang='lat'><strong>18,</strong></span> <span class='ocrx_word' id='word_1_293' title='bbox 1178 4141 1221 4195; x_wconf 80' lang='lat'><strong>24.</strong></span> 
     </span>
    </p>
   </div>
   <div class='ocr_carea' id='block_1_8' title="bbox 0 0 1431 4852">
    <p class='ocr_par' dir='ltr' id='par_1_10' title="bbox 0 0 1431 4852">
     <span class='ocr_line' id='line_1_37' title="bbox 0 0 1431 4852; baseline 0 0"><span class='ocrx_word' id='word_1_294' title='bbox 0 0 1431 4852; x_wconf 95' lang='lat' dir='ltr'><strong> </strong></span> 
     </span>
    </p>
   </div>
  </div>
 </body>
</html>
