2836 4852
466 254 523 316 ΑΒ
547 253 794 320 AUTOLYCUM
810 256 894 322 Lib.
913 257 970 323 ltl.
1215 256 1279 328 1⁹5

162 427 242 486 deos
265 426 359 484 etiam
382 441 460 485 suos
480 427 666 502 praedicant
688 427 849 504 principes
876 426 1040 487 exstitisse
1064 428 1116 504 qui
1137 429 1276 494 infandis

161 535 382 595 concubitibus
401 537 566 596 uterentur
592 538 624 594 et
655 537 852 598 detestandis
876 536 965 597 cibis.
1009 538 1085 605 Quis
1109 539 1190 600 enim
1212 557 1276 603 uuu

160 641 243 704 canit
266 643 432 704 Saturnum
452 645 627 705 liberorum
648 647 846 721 voratorem,
876 647 931 704 aut
953 644 1059 706 lovem
1083 648 1151 708 eius
1175 650 1274 713 filium

158 753 257 816 Metiu
285 747 506 820 absorbentem
534 758 567 814 et
596 754 756 815 scelerata
784 754 929 815 convivia
962 754 1023 815 ollis
1043 761 1272 834 apponentem:

159 863 192 922 is
214 864 330 939 quibus
348 864 490 924 claudum
515 865 677 939 quemdam
700 864 873 925 Vulcanum
896 862 1019 923 fabrum
1046 864 1212 942 perhibent
1232 868 1274 929 il·

158 971 199 1032 lis
222 973 418 1032 ministrare:
444 990 540 1050 porro
563 973 709 1033 lunonem
731 974 890 1052 propriam
914 973 1014 1050 ipsius
1038 991 1182 1036 sororem
1202 993 1273 1039 oum

159 1097 199 1141 eo
230 1099 292 1140 non
322 1082 422 1141 solum
451 1085 647 1144 matrimonio
680 1084 891 1160 coniunctam,
909 1084 981 1149 ‚sed
1014 1084 1109 1163 etlam
1141 1084 1272 1146 infanda

158 1191 277 1268 flagitia
300 1208 360 1251 ore
383 1192 506 1268 impuro
533 1195 711 1268 patrantem
720 1194 749 1251 1,.
782 1193 829 1253 Ao
856 1194 985 1266 caetera
1007 1191 1093 1252 Iovis
1116 1192 1270 1280 facinora,

158 1304 313 1377 quotquot
342 1304 455 1361 canunt
486 1307 618 1380 poetae,
658 1303 831 1364 uerisimile
868 1304 918 1361 est
951 1304 984 1360 te
1016 1318 1077 1361 non
1106 1303 1267 1378 ignorare.
1306 1311 1311 1317 ’

157 1409 243 1479 ocin-
259 1412 319 1470 iam
343 1427 519 1473 enumerem
545 1411 685 1471 facinora
701 1411 838 1488 Neptuni
860 1413 893 1471 et
907 1409 1067 1487 Apollinis
1084 1413 1137 1469 aut
1153 1408 1270 1472 Bacchi

156 1520 192 1577 ot
215 1518 379 1594 Herculis,
407 1519 570 1577 Minervae
598 1521 686 1580 siuns
712 1522 847 1584 ornantis
869 1523 902 1578 et
923 1520 1058 1579 Veneris
1082 1519 1271 1598 impudicae,

157 1643 251 1702 quum
275 1627 316 1685 de
337 1627 386 1686 his
408 1629 585 1687 accuratius
609 1629 672 1687 alio
695 1629 726 1688 in
748 1629 831 1690 libro
854 1628 1108 1705 disputaverim?

243 1738 273 1794 lr.
301 1734 378 1794 Nam
408 1753 509 1811 neque
539 1737 708 1812 oportebat
731 1735 807 1797 baec
831 1756 848 1797 a
872 1755 920 1810 me
944 1736 1067 1814 refelli,
1095 1735 1155 1797 nisi
1186 1739 1270 1813 quod

156 1847 190 1908 ie
212 1862 293 1905 nunc
315 1846 409 1904 video
430 1845 582 1903 incertum
598 1847 694 1904 circa
719 1848 865 1905 veritatis
889 1821 1073 1906 doctrinam.
1119 1847 1267 1915 Quamvis

156 1955 238 2014 enim
261 1955 329 2030 ipse
354 1954 491 2030 prudens
514 1954 577 2028 sis,
606 1954 753 2013 lubenter
784 1958 886 2014 tamen
909 1955 1101 2032 insipientes>
1124 1956 1268 2033 perferet

156 2063 296 2139 alioquin
320 2080 382 2128 non
406 2065 438 2121 te
461 2063 702 2121 commovissent
725 2064 815 2123 stulti
844 2064 986 2124 homines
1017 2067 1052 2124 ut
1080 2066 1170 2128 vanis
1194 2082 1267 2126 ser-

156 2307 258 2367 loperat
275 2297 315 2355 ‘ob
341 2303 404 2354 bene
430 2301 613 2371 turpiludioem
639 2301 692 2352 lovi
728 2303 770 2354 ubl
789 2302 877 2356 eodem
902 2306 957 2357 fere
981 2304 1071 2356 ordine
1091 2317 1140 2371 quo
1158 2304 1198 2355 bie
1218 2303 1267 2356 Sa·

156 2387 273 2441 silletum.
298 2388 337 2441 cl.
356 2389 457 2453 Bagoet
472 2388 509 2438 be
522 2388 571 2438 vito
588 2387 693 2454 etpsori·
728 2390 799 2440 turni
818 2389 935 2447 Herculis
954 2391 1047 2442 Reeebl
1067 2388 1195 2455 Apollinis
1213 2390 1266 2441 Vs·

156 2474 208 2541 ptis
226 2473 373 2540 Chrysippi,
393 2474 419 2524 in
439 2470 541 2525 Annall.
557 2473 624 2522 acad.
641 2471 693 2522 Lo·
728 2473 798 2524 neris
818 2473 940 2537 nefanda,
966 2490 979 2525 a
998 2474 1136 2539 gentilibus
1157 2473 1266 2540 prodito,

157 2573 213 2610 ven.
233 2558 302 2609 Tum.
329 2557 370 2608 lV.
396 2572 422 2624 p.
442 2556 506 2620 348,
531 2560 557 2606 ct
581 2555 692 2607 Lobeck.
729 2561 859 2610 memorat.
893 2558 959 2610 llioo
978 2573 1071 2609 norum
1090 2558 1204 2609 nascitur
1223 2572 1267 2609 ar·

158 2641 283 2709 Aglaopb.
304 2644 375 2695 Tom.
395 2641 414 2693 l.
434 2657 458 2708 p.
478 2639 528 2693 606
543 2655 583 2707 sq.
727 2644 874 2708 gumentnm
892 2642 984 2702 librom
1003 2643 1069 2693 bunc
1090 2643 1192 2693 tertium
1208 2645 1268 2710 post

225 2726 266 2779 12.
293 2723 453 2793 ἐπίστασαι]
474 2725 604 2776 Tbienem.
623 2724 693 2776 iubet
726 2727 828 2793 priores
847 2725 936 2778 doosa
951 2730 1040 2777 nostro
1059 2725 1181 2793 scriplum
1200 2741 1267 2780 esse.

157 2805 313 2879 ἀφίστασαι
348 2810 417 2876 legi:
452 2825 516 2878 quae
548 2809 623 2861 lectio
653 2813 692 2860 est
727 2810 823 2862 Confer
850 2825 914 2876 queo
938 2810 963 2862 in
985 2793 1053 2861 ¹banc
1079 2825 1132 2861 rom
1158 2810 1266 2863 diximus

155 2912 263 2966 prorsus
282 2895 447 2962 repudienda.
604 2938 609 2949 .
727 2895 757 2947 ad
770 2896 815 2946 lib.
828 2895 851 2946 ll
869 2895 903 2962 [r.
913 2893 959 2965 30]
980 2895 1005 2964 §.
1018 2893 1052 2947 42
1071 2895 1160 2964 [supra
1168 2911 1193 2961 p.
1207 2894 1269 2950 142.

225 2983 267 3035 13.
291 2975 470 3048 Ἡρακλέους]
497 2981 561 3031 Mor.
585 2979 692 3030 culon
729 2998 753 3033 u.
772 2980 811 3049 91.
853 2978 969 3050 Wolfios.
1006 2982 1079 3034 Addo
1106 2981 1199 3033 adlit.
1219 2982 1268 3035 ΙΙΙ.

154 3061 320 3132 Ἡρακλέος,
346 3082 420 3134 quem
444 3078 557 3117 errorem
577 3063 693 3116 Galloni.
729 3085 750 3120 c.
767 3069 792 3121 1.
812 3083 837 3118 n.
855 3065 879 3118 4.
899 3096 932 3106 -
966 3068 1026 3121 Par.
1045 3062 1267 3134 icccc-mecona·

155 3154 282 3214 correxit.
315 3156 340 3204 rt
373 3153 451 3216 lllgn.
488 3165 548 3202 vero
581 3152 706 3219 repetiit..
728 3167 774 3221 pro
792 3147 889 3218 λόγων.
1036 3212 1040 3216 ,
1190 3210 1194 3218 ¹

154 3239 232 3294 Nolle
257 3238 321 3289 molo
347 3237 397 3288 laio
424 3237 521 3303 putavit
541 3233 693 3302 φιλοπολέ-
740 3286 768 3296 ,,
797 3237 822 3291 1.
854 3237 968 3305 θεωρῶ]
1002 3238 1065 3289 Ven.
1096 3238 1171 3289 bodl.
1206 3237 1267 3290 Par.

155 3342 212 3394 nou
238 3325 294 3376 loeo
323 3320 499 3389 priuatimue
530 3322 609 3390 (quod
639 3327 692 3374 tros
726 3323 853 3388 θεωρῶν.
883 3323 970 3375 litera
987 3341 1004 3375 v
1022 3339 1055 3376 ex
1073 3327 1197 3391 sequente
1215 3341 1265 3376 vv·

155 3409 230 3464 cedd.
261 3410 342 3461 nostri
370 3412 492 3459 tuentur:
526 3407 588 3459 Veu.
616 3407 691 3459 Bodl.
727 3408 755 3462 vl
774 3408 959 3471 buccccessit.

156 3496 229 3559 Pur.)
251 3493 385 3560 legendum
405 3507 480 3558 esse;
500 3492 617 3566 nimirum
631 3491 691 3560 epi·
796 3493 822 3544 2.
842 3489 984 3558 Φρόνιμοε
1060 3485 1158 3561 ἀνέχῃ]
1177 3490 1265 3547 2001.

155 3583 256 3637 ibeton.
272 3576 448 3646 φιλοκόλπου
475 3575 578 3643 (siurim
597 3591 692 3627 omou-
728 3576 771 3642 11,
790 3576 833 3629 19.

155 3665 207 3734 tio)
227 3666 330 3732 egregie
348 3662 457 3730 quadrat
471 3661 500 3712 ad
513 3659 692 3725 impudicitiam
797 3662 822 3712 3.
849 3657 910 3712 ἐπεί
928 3657 985 3724 τοι]
1016 3657 1078 3710 Veu.
1104 3658 1179 3711 Bodl.
1207 3660 1267 3714 Par.

156 3749 253 3819 (psallo
272 3763 365 3816 supra:
395 3745 528 3808 πορνείας
553 3743 601 3802 καὶ
629 3762 692 3810 μοι·
728 3746 765 3798 At
784 3745 872 3809 Geso.
905 3739 1001 3812 lucaico
1034 3742 1099 3807 (sic)
1131 3758 1269 3811 operarum

154 3835 255 3902 zelus),
274 3833 305 3885 de
325 3847 372 3899 qus
390 3845 475 3882 sermo
491 3834 537 3881 est.
568 3829 692 3881 Peucon
728 3829 820 3883 mendo
857 3829 970 3894 (Clausi
1004 3829 1165 3894 siquidem:
1200 3829 1268 3881 unde

154 3913 344 3987 ἅναισχῦντου
364 3915 411 3969 scd
429 3909 600 3980 ἅνεσχύντον
620 3929 693 3967 men·
727 3914 820 3967 caeteri
851 3913 924 3966 editt.
958 3919 1062 3983 praeter
1092 3914 1168 3967 Wolf.
1200 3915 1268 3968 liar.

155 4005 227 4060 uase.
268 4039 271 4042 -
727 3999 855 4065 Humpbr.
894 3999 1002 4053 absurde
1039 3997 1135 4053 ἔπειτα
1171 3997 1268 4052 fecere.

226 4090 269 4144 11.
288 4079 428 4156 ἒνὲτέρῳ]
447 4085 535 4138 Innuit
549 4085 591 4136 hle
605 4087 693 4138 noster
727 4084 789 4143 Mon
816 4088 872 4136 tres
900 4083 938 4138 illi
966 4083 1040 4148 codd.
1068 4082 1128 4137 meti
1155 4074 1215 4136 oue*
1241 4076 1270 4137 δ’

152 4176 229 4240 llbl
254 4175 287 4230 cu
311 4173 463 4240 Autolycum
490 4169 525 4238 [e.
544 4167 572 4238 9]
600 4168 628 4237 S.
648 4167 692 4237 11,
728 4164 870 4236 ἀνοήτων.
897 4217 901 4221 .

988 4261 1056 4324 13·
