2836 4852
174 240 239 308 ³2⁰
482 241 700 305 rimorum
719 240 967 308 Attalicum

171 417 319 478 mandata
336 417 468 478 deerant
488 416 665 493 infirmanti,
686 416 808 476 scilicet
827 409 993 492 ⁹„liiligcs
1013 413 1168 474 dominun
1189 417 1277 474 tuum

171 542 215 586 ax
234 529 304 586 toto
326 527 421 587 corde
443 526 517 585 tuo“
545 530 578 585 ct
606 527 803 604 „Proximum
824 528 910 585 tunm
938 528 1085 600 tanquam
1106 525 1276 602 teipsun‚“

171 637 260 695 vcnit
285 637 328 695 ad
355 652 484 713 aegrum
512 635 617 713 lesus,
651 636 797 711 quierat
819 635 899 694 deus
919 636 954 693 et
974 634 1086 711 homo,
1108 635 1276 710 utriusque

171 745 349 804 dilectionis
377 749 487 804 auctor
516 748 610 821 atoue
640 746 792 821 collator,
824 747 858 804 et
887 746 1013 804 sanavit
1041 762 1129 821 eum,
1162 746 1274 805 dicens

174 852 262 914 Tolle
279 854 439 934 paulutum
463 862 545 915 tantm
567 862 598 914 et
617 854 696 914 noda
717 857 751 913 in
769 853 892 913 domum
913 861 1008 915 tum
1050 852 1093 912 Et
1121 856 1198 930 quid
1220 859 1272 915 cst

169 963 257 1024 farra
277 966 441 1041 grabatum
462 965 524 1023 nisi
544 965 629 1040 quod
650 965 843 1023 voluntatem
867 965 1134 1041 carnisnostraa,
1154 965 1271 1040 inqua

167 1074 363 1151 incohatione,
399 1074 488 1152 qnasi
517 1076 549 1133 in
576 1076 661 1138 lecto
692 1075 897 1151 comprimere
925 1075 1093 1134 debeamus
1120 1078 1173 1151 et,
1201 1090 1270 1134 cum

168 1182 318 1244 fuerimus
342 1186 458 1245 salvati
490 1186 657 1260 divinitus,
691 1183 777 1242 serre
808 1185 942 1244 nitamur
972 1187 1008 1242 ut
1034 1201 1130 1243 carne
1157 1190 1271 1245 nostra

165 1295 310 1371 potiores
331 1296 526 1372 probemurl
567 1294 646 1354 Nam
677 1294 761 1369 quod
783 1295 828 1353 ait
857 1293 943 1356 Vade
968 1296 1003 1353 in
1024 1293 1145 1354 domum
1172 1303 1268 1364 tuam,

166 1402 228 1463 lroc
248 1407 412 1482 praecepit
429 1409 464 1466 ut
483 1405 633 1465 faciamus
655 1405 761 1465 divina
782 1405 944 1482 mandata,
965 1421 1024 1483 per
1045 1421 1127 1480 quae
1145 1407 1189 1465 ad
1208 1423 1269 1465 ac·

166 1516 287 1573 ternam
304 1499 429 1576 'domum
451 1518 617 1594 pervenire
639 1517 804 1592 possimus.

252 1619 334 1684 ¹⁰Et
358 1644 446 1684 nemo
472 1627 555 1686 misit
582 1645 701 1685 murrum
729 1627 763 1684 in
793 1644 858 1684 cion
884 1624 956 1704 quia
983 1622 1118 1682 nondam
1143 1633 1268 1684 vannat

164 1731 242 1793 lora
263 1734 334 1795 cius.
378 1735 463 1797 llaec
490 1737 572 1796 liora
598 1751 659 1794 non
689 1736 856 1794 secundum
886 1733 1121 1794 mathematicos
1143 1735 1267 1794 intelli-

100 1854 103 1858 *
164 1845 267 1920 ganda
289 1848 356 1921 est,
384 1847 442 1905 sed
469 1847 574 1922 potius
601 1845 681 1903 hora
711 1844 767 1903 illa
796 1860 858 1919 qna
886 1845 956 1920 ipso
978 1843 1117 1920 cruciligi
1143 1847 1176 1903 et
1197 1847 1266 1924 pati

164 1954 275 2013 voluit.
317 1954 394 2014 Indo
421 1956 468 2014 ait
495 1953 641 2016 Nondum
670 1960 791 2014 cenerot
820 1952 897 2013 liora
922 1953 1000 2025 dus,
1030 1954 1103 2028 quia
1128 1955 1261 2014 nondum

161 2064 310 2123 universa
331 2065 516 2141 propositae
538 2063 730 2141 operationis
745 2063 933 2139 impleverat
947 2064 1109 2144 mysteria,
1128 2067 1260 2142 propter

161 2188 241 2248 quae
263 2188 386 2232 carnem
407 2174 553 2250 dignatus
574 2175 643 2231 erat
664 2189 797 2231 sumere.
864 2233 867 2237 ,

248 2276 276 2317 1¹
286 2283 330 2342 Et
349 2282 538 2361 praeteriens
559 2282 639 2342 cidit
660 2282 809 2342 hominem
830 2302 952 2343 caccom
973 2303 993 2341 a
1013 2285 1177 2344 nativitate
1196 2306 1260 2346 aun.
1290 2352 1293 2356 ,

159 2391 223 2452 Per
244 2409 370 2453 caccum
388 2392 575 2452 naturaliter
602 2410 664 2452 non
692 2393 847 2455 videntem
869 2395 903 2452 ct
927 2393 1131 2453 illuminatum
1160 2396 1261 2471 signi-

159 2502 232 2562 licat
260 2503 423 2562 humanum
451 2518 550 2578 genus
580 2503 725 2580 originali
751 2504 883 2579 peccato
911 2503 1078 2562 detentum.
1121 2503 1260 2569 Mittitur

157 2613 191 2671 in
215 2611 321 2673 Siloa.-
344 2613 377 2672 id
398 2614 448 2672 est
467 2612 499 2671 in
520 2612 717 2689 baptismatis
738 2612 825 2671 fonte
845 2630 866 2672 a
883 2612 1067 2688 gentilitatis
1089 2614 1262 2692 sacrilegio

126 2799 127 2802 Ἴ
158 2723 304 2783 detentus
325 2723 489 2782 liberatur.
531 2720 643 2782 Lutum
664 2738 759 2797 voro,
788 2721 902 2782 factum
924 2725 963 2782 de
986 2724 1088 2783 saliua
1110 2726 1176 2784 oris
1196 2725 1258 2785 do-

157 2829 230 2890 rnini
251 2848 288 2890 ac
308 2833 443 2908 positum
467 2848 564 2907 super
591 2831 700 2892 oculos
722 2833 820 2909 caeci,
850 2833 1004 2909 significat
1021 2832 1073 2892 hic
1094 2836 1178 2910 qnod
1198 2851 1258 2894 na-

157 2942 248 3000 turae
271 2941 382 3001 decrat
403 2957 500 3018 opero
530 2958 587 3001 sno
610 2942 742 3020 implere
767 2942 910 3020 figulum,
938 2946 973 3002 ut
1001 2944 1258 3006 illuminationem

155 3053 294 3111 nostram
324 3053 445 3112 auctori
476 3052 660 3128 imputemus
685 3028 796 3129 'potius
825 3069 915 3128 qnam
945 3055 1084 3112 naturae.
1136 3049 1260 3117 ”Erat

155 3160 283 3241 quidum
305 3160 450 3241 inoperans
472 3160 605 3221 Lazarus
624 3181 643 3220 u
666 3159 830 3221 Bethania.
874 3163 937 3222 Per
965 3161 1117 3224 Lazarum
1145 3162 1257 3226 huma-

152 3278 224 3330 num
237 3287 343 3356 ⁴genus
367 3270 560 3345 ostenditur,
587 3270 670 3344 quod
688 3273 761 3330 anto
780 3271 944 3332 adventum
964 3271 1081 3332 Christi
1101 3275 1134 3333 in
1154 3275 1255 3350 seculi

151 3379 295 3438 noctibus
317 3378 502 3447 dormiebat.
538 3376 654 3439 Institis
674 3381 776 3441 autem
799 3383 979 3442 constrictos
1000 3383 1156 3459 significat
1173 3402 1255 3462 pcc-

152 3486 230 3549 catis
257 3490 395 3567 propriis
426 3488 617 3549 obvolutum.
660 3488 787 3571 Martha
809 3509 886 3552 vero
916 3494 948 3551 ot
970 3491 1074 3553 Maria
1096 3495 1255 3556 ecclesiae

152 3599 230 3658 tides
252 3602 285 3659 ot
307 3616 405 3677 opera
428 3601 659 3679 intelliguntur,
685 3604 834 3679 rogantes
854 3600 1010 3662 Christum
1032 3605 1067 3662 ut
1086 3602 1253 3683 Lazarum,

150 3708 193 3768 id÷
208 3712 258 3768 cst
277 3709 449 3771 humanum
468 3728 585 3789 genus,
615 3704 776 3772 vivificet!
811 3709 909 3791 Lupis
931 3715 1033 3772 autem
1056 3712 1209 3776 revolutus
1231 3736 1252 3776 a

201 3927 227 3982 o.
246 3929 343 3996 Diliges
362 3968 369 3982 .
387 3967 393 3981 .
413 3967 419 3981 .
437 3931 559 4000 teipsum]
587 3928 678 3982 lllatth.
766 3928 807 3981 11.
825 3928 938 3998 Eleia]
957 3931 1046 3985 losnn.
1065 3932 1131 4000 9,1.
1150 3933 1175 3986 6.
1190 3934 1221 3987 7.

148 4011 252 4166 Ξὲ,)37.
269 4012 311 4067 39.
333 4012 451 4082 (Denter.
470 4014 494 4082 6,
512 4015 537 4069 5.
556 4016 620 4070 ch.
637 4012 679 4081 19,
713 4097 745 4152 39
767 4013 808 4153 1424
826 4015 895 4069 Erat
913 4017 975 4087 clo-J
997 4017 1081 4072 loson.
1101 4018 1142 4087 11,
1161 4019 1184 4072 1.
1203 4017 1246 4074 ³5.

199 4183 240 4238 10.
258 4186 294 4240 Et
310 4187 370 4256 elc]
388 4185 476 4240 loann.
494 4185 519 4254 7,
537 4185 579 4246 30.
675 4200 678 4205 ·
