2836 4852
460 262 518 327 Au
540 259 785 326 dorotheum
806 258 882 331 LlB.
902 256 955 321 ΙΙΙ.
1200 256 1262 324 llll

153 433 268 512 pheum
297 432 381 509 quod
415 433 574 493 trecentos
605 433 638 496 et
667 428 833 508 sexaginta
856 430 991 507 quinque
1014 431 1093 490 deos
1115 447 1263 493 numera·

153 543 217 618 rit,
249 558 327 618 ques
357 542 440 600 idem
473 541 531 600 suh
563 541 680 601 exitum
709 542 795 600 vitae
824 540 967 613 sustulit,
998 540 1029 598 in
1058 541 1263 604 Testamentis

154 651 220 711 suis
241 667 334 710 uuum
356 665 428 708 esse
450 650 541 709 deum
563 651 737 709 asserenst
771 648 851 717 Quid
872 647 982 707 retulit
1001 647 1118 708 Aratus
1141 667 1182 710 ex
1203 653 1263 713 de-

154 759 326 835 scriptione
356 758 514 834 sphaerae
544 758 627 834 cycli
655 758 814 832 mundani,
843 759 898 816 aut
924 757 978 832 qui
1007 758 1116 817 eadem
1140 776 1178 818 ac
1208 761 1264 820 ille

153 868 318 942 dixerunt,
345 869 475 942 praeter
505 866 667 926 humanam
690 866 842 943 gloriam,
874 883 964 940 quam
991 883 1030 925 ne
1055 884 1112 927 suo
1140 869 1264 943 quidem

153 976 264 1035 merite
288 976 450 1035 consecuti
470 976 568 1034 sunt?
610 975 689 1043 Quid
713 975 782 1034 veri
806 974 978 1035 dixerunt?
1015 977 1080 1036 Aut
1102 979 1176 1052 quid
1197 976 1264 1037 Eu-

153 1085 287 1161 ripidem
308 1085 340 1142 et
360 1082 547 1159 Sophoclem
571 1086 625 1143 aut
647 1084 792 1143 caeteros
814 1085 986 1159 tragoedos
1008 1085 1193 1161 tragoediae
1213 1085 1265 1144 iu·

154 1195 283 1267 verunt,
315 1195 370 1252 aut
402 1193 603 1254 Menandrum
633 1195 666 1251 et
693 1190 935 1268 Aristophanem
968 1196 1176 1270 caeterosque
1207 1209 1264 1254 co·

155 1303 283 1363 mecdos
304 1302 503 1377 comoediae,
533 1304 587 1361 aut
610 1318 686 1361 suae
707 1300 899 1361 Herodotum
922 1305 954 1360 et
977 1301 1190 1378 Thucydidem
1212 1301 1264 1360 hi-

154 1411 292 1483 storiae,
321 1415 375 1471 aut
406 1407 618 1486 Pythagoram
648 1410 745 1485 adyta
775 1413 808 1469 et
829 1408 974 1468 Herculis
1004 1410 1182 1486 colomnae,
1210 1413 1266 1469 aot

153 1519 326 1596 Diogenem
348 1519 458 1594 cynica
482 1517 699 1592 philosophia,
730 1520 785 1578 aut
806 1516 973 1593 Epicurum
997 1518 1170 1578 decernere
1192 1518 1265 1577 uul-

153 1629 217 1687 lam
239 1642 312 1687 esse
334 1607 574 1702 providentiam,
597 1627 651 1684 aut
672 1623 892 1700 Empedoclem
915 1625 1032 1685 docere
1054 1627 1172 1685 nullum
1192 1641 1267 1686 cese

156 1738 264 1811 deum,
297 1737 352 1794 aut
374 1733 535 1793 Socratem
566 1734 671 1792 iurare
698 1749 757 1809 per
784 1750 891 1792 canem
918 1736 951 1791 et
973 1750 1116 1795 auserem
1138 1738 1170 1794 et
1191 1735 1267 1812 pla-

155 1848 260 1906 tanum
285 1846 317 1902 et
339 1843 468 1901 lutmine
491 1843 606 1903 tactum
627 1841 850 1918 Aesculapium
873 1844 905 1900 et
927 1843 1091 1902 daemonia
1113 1859 1192 1919 quae
1214 1843 1265 1904 in-

155 1953 315 2016 vocabatt
346 1947 408 2011 Cur
428 1950 549 2012 tuhenti
571 1950 673 2010 animo
695 1950 826 2009 mortem
847 1952 993 2029 oppetiit,
1017 1967 1108 2027 quam
1130 1954 1163 2012 et
1185 1966 1266 2027 qua-

156 2206 259 2258 Movere
275 2203 694 2273 Uartersuchoupeaethead.Re·
730 2209 839 2261 emnium
866 2225 924 2262 esse
953 2210 1044 2262 statuit
1070 2212 1188 2277 quattuor
1212 2205 1266 2260 ele·

157 2290 244 2356 tipice
267 2306 295 2340 u.
321 2291 363 2342 die
384 2291 538 2342 Gottheitea
561 2291 586 2341 d.
606 2291 694 2342 Ρίιοο-
729 2298 813 2344 menta
836 2298 863 2346 et
880 2293 1039 2346 concordiam
1059 2308 1087 2345 ae
1104 2290 1266 2345 discerdiam.-

157 2375 244 2429 ιιίιίιι
263 2373 360 2439 (Boon.
381 2373 460 2441 1841)
480 2391 504 2440 p.
519 2373 552 2426 96
565 2391 604 2443 sq.
731 2377 769 2431 cl.
798 2377 826 2429 S.
853 2379 965 2431 Karsten
992 2378 1141 2445 Ptattescph.
1166 2388 1266 2442 graeco.

227 2457 251 2508 5.
262 2452 294 2509 co
304 2454 449 2510 διδάσκειν
458 2452 614 2525 ἀθεότητα]
628 2458 695 2511 Sex·
729 2465 792 2512 vell.
817 2461 920 2529 Relqu.
946 2462 1000 2513 Vol.
1019 2463 1044 2513 ll
1069 2459 1265 2528 (Ausc1838)

157 2547 199 2593 tus
224 2542 298 2609 Emp.
323 2542 390 2594 htv.
416 2545 533 2594 matham.
553 2543 596 2594 tx.
621 2559 643 2594 c.
662 2540 695 2594 64
730 2559 754 2611 p.
772 2543 832 2597 504.

157 2625 336 2693 Empedoclem
354 2628 427 2693 ponit
443 2627 469 2678 in
486 2641 573 2678 eorum
589 2641 694 2679 numero
799 2626 823 2680 6.
843 2626 876 2681 ad
897 2624 1013 2694 όμνύειν
1030 2629 1100 2697 κτλ]
1119 2628 1158 2680 De
1172 2627 1267 2681 Socra·

159 2711 201 2778 qui
224 2708 296 2764 deda
314 2705 515 2763 ἀπολείπουσιν
533 2711 558 2764 h.
579 2726 602 2762 e.
621 2709 695 2762 deum
729 2715 763 2765 tis
781 2713 831 2764 illis
850 2713 948 2765 iurandi
973 2714 1091 2765 formulis
1116 2712 1191 2766 adeas
1209 2713 1268 2765 hla-

158 2795 345 2847 esselatentur.
366 2795 459 2849 Contra
470 2789 560 2849 ἄθεον
569 2795 628 2848 dicit
637 2796 694 2847 Cle·
729 2799 829 2863 nogium
850 2798 880 2849 ad
902 2799 987 2852 [ναοί.
1007 2816 1034 2868 p.
1053 2797 1087 2850 92
1102 2812 1142 2866 sq.
1161 2796 1212 2849 277
1240 2800 1267 2849 ct

158 2895 230 2933 mons
244 2880 414 2934 hlemPrctr.
426 2880 570 2948 c.h.§.tila
628 2876 695 2947 Ἐμ-
731 2882 910 2948 spanhemium
935 2883 966 2934 ad
989 2883 1122 2949 Aristoph.
1140 2883 1223 2935 Nate.
1241 2897 1266 2934 v.

158 2964 298 3032 πεδοιιλῆς
316 2961 368 3032 yde
390 2958 405 3017 ὁ
425 2962 636 3031 Ἀκραγαντῖνος
655 2965 695 3025 είς
730 2965 790 3019 627.
818 2967 897 3018 Recte
910 2966 1017 3019 Wolfius
1032 2972 1058 3018 at
1072 2968 1191 3019 hlaranus
1205 2980 1266 3018 ver·

157 3050 270 3117 πλῆθος
296 3048 345 3113 (sc.
362 3049 452 3117 θεῶν)
480 3047 607 3112 ἐμπεσών
624 3047 696 3115 πρὸς
729 3051 760 3103 ha
778 3049 826 3102 καί
844 3047 880 3103 τοί
898 3050 1035 3117 δαιμόνια
1059 3052 1093 3103 ita
1115 3053 1219 3102 vertunt
1237 3051 1269 3103 ul

158 3140 219 3196 τοῖς
247 3133 376 3200 τέτταρσι
405 3138 553 3203 στοιχείοις
581 3132 696 3196 τούτοις
730 3136 875 3188 referantur
893 3136 923 3188 ad
943 3132 1066 3202 ὀμνύειν,
1086 3137 1268 3188 sieuteaotera

158 3224 251 3280 νεῖκος
277 3220 323 3272 καί
349 3220 448 3287 φιλίαν
467 3223 694 3287 καταριθμεῖται.
729 3217 781 3274 τόν
798 3218 870 3274 κύνα
889 3226 938 3274 etc.
973 3222 1023 3275 Per
1042 3237 1071 3273 eo
1090 3236 1121 3272 ne
1140 3221 1268 3286 intelliges

152 3298 250 3359 'Adam
274 3301 326 3370 μὲν
349 3303 385 3374 δὴ
410 3304 458 3359 καὶ
483 3297 579 3369 οὖτοι,
605 3307 695 3377 σοφίᾳ
730 3306 840 3358 Genium
859 3306 973 3358 Socratis
999 3307 1079 3372 (Eell.
1098 3306 1168 3357 Bett.
1189 3305 1268 3356 Thic-

160 3388 218 3442 τινί
244 3384 423 3460 doemonia
447 3383 515 3456 ύλην
533 3387 693 3456 ιιροοιιονή-
730 3392 812 3456 nem.)
831 3391 877 3442 sed
895 3392 996 3443 numina
1013 3391 1107 3443 divina.
1133 3390 1207 3442 Unde
1224 3404 1268 3441 ac-

160 3489 267 3533 costae.
294 3474 382 3542 (temp.
403 3473 493 3526 cicere
508 3474 547 3525 lle
560 3479 611 3525 nat.
625 3474 696 3526 deor.
731 3478 841 3527 cusatiea
861 3469 956 3528 ύδιιιιί
976 3472 1129 3541 Σωκράτης
1148 3468 1197 3534 οὓς
1215 3470 1267 3538 μὲν

159 3558 180 3609 l.
205 3557 296 3612 e.12:
323 3558 512 3624 „Empedocles
538 3560 565 3610 in
592 3558 696 3610 deorum
730 3552 843 3626 ἡπόλις
859 3559 966 3622 νομίζει
984 3560 1071 3619 θεούς
1087 3556 1267 3624 ούνομίζιιν,

159 3644 279 3710 ορίιιίοιιο
295 3632 445 3708 'turpissime
463 3642 571 3705 tabitam
590 3648 697 3710 quatuor
731 3638 813 3708 ἔτερα
837 3639 868 3694 dh
892 3639 977 3694 καινοί
1001 3642 1188 3709 δαιμόνια
1211 3645 1268 3697 οἰσ-

160 3729 227 3781 einim
246 3732 361 3792 naturas,
379 3741 412 3778 ex
430 3728 523 3793 quibus
537 3728 697 3809 omuia'cou·
732 3725 834 3793 φέρον.
873 3729 911 3778 Ac
931 3727 1021 3791 prohat
1039 3728 1157 3784 Socrates
1175 3728 1269 3781 deora

159 3816 228 3865 stare
247 3813 309 3877 vult,
329 3813 426 3864 divinas
445 3826 503 3863 esse
518 3814 696 3879 censatsquas
731 3827 759 3863 se
777 3811 896 3876 agnose-i,
913 3811 1036 3876 siquidem
1055 3811 1205 3877 daemones,
1224 3812 1268 3878 qul

158 3900 185 3948 et
204 3897 275 3948 nasei
293 3900 319 3948 ct
337 3896 452 3961 extingui
472 3896 632 3962 perspicuum
657 3900 698 3949 eat
731 3895 770 3948 acl
788 3894 821 3946 dil
841 3898 901 3946 aunt
919 3895 959 3946 vel
977 3893 1161 3962 thidericum,
1187 3909 1268 3960 agac-

160 3985 186 4033 et
203 3993 282 4032 sensu
300 3980 368 4031 omni
389 3979 505 4050 carcre.“
542 3979 632 4046 ltaque
649 3980 696 4032 ha·
730 3978 855 4032 scat-Cf.
876 3977 991 4046 llencph.
1008 3980 1116 4033 ltlemor.
1130 3981 1204 4032 Scor.
1223 3977 1267 4028 tite

159 4063 227 4117 bitus
245 4069 287 4117 eat
303 4057 403 4127 ἄθεος,
422 4062 497 4130 qued,
517 4063 616 4115 ratione
635 4077 696 4115 caus
730 4065 751 4117 l.
764 4065 809 4116 e.1
825 4061 875 4130 §.1
892 4067 917 4114 et
931 4064 996 4117 Ptat.
1009 4065 1085 4134 Apol.
1101 4064 1174 4116 Soet.
1189 4061 1267 4129 pat.

158 4163 203 4204 sac
221 4147 357 4204 afficientis
375 4162 427 4202 noo
446 4147 547 4216 hahita,
571 4147 695 4218 principia
799 4147 824 4201 7.
843 4141 1031 4218 descandam]
1051 4149 1161 4210 Versat
1177 4145 1268 4214 Redi-3
