2836 4852
283 246 663 324 connunnumonun
683 261 726 323 m
747 259 988 325 eumenum
1010 260 1088 327 ure.
1110 265 1134 327 1.
1197 261 1261 329 aea

152 438 237 493 retro
260 436 388 493 satana:
412 432 445 492 id
467 435 517 494 est
537 433 619 494 vade
638 434 792 511 inignem
814 437 985 495 aeteruum
1025 434 1165 496 lliabolo¹
1183 437 1262 498 haee

152 542 243 602 dixit
288 541 364 602 Nam
387 543 483 603 beato
505 544 603 604 Petro
636 536 741 604 ‘³¹lroe
771 545 891 604 dixisse
920 545 1093 621 signifieat:
1126 562 1262 623 sequere

153 669 218 727 me,
243 653 315 727 quia
337 654 514 712 contrarius
541 671 575 713 es
598 653 753 713 voluntati
777 669 875 712 meae.
1062 722 1064 726 ¹

158 779 160 783 ·
240 755 271 794 ³2
292 761 351 821 Vos
373 764 445 822 estis
466 760 644 822 salterrae.
689 762 744 821 Sal
771 762 975 839 appellantur
1005 766 1159 843 apostoli,
1190 767 1263 842 quia

153 878 214 947 'per
235 871 310 929 illos
340 872 484 930 conditur
514 873 692 931 universum
719 888 820 947 genus
848 871 1024 933 humanum.
1070 874 1108 933 si
1128 872 1177 934 aul
1195 893 1263 935 eou-

86 1054 89 1059 ,
153 979 329 1047 nomino
351 999 411 1058 quo
431 978 580 1041 salietur?
609 983 641 1040 id
670 984 720 1040 est
751 981 779 1039 si
806 981 920 1039 doetor
949 983 1125 1058 erraverit,
1153 1001 1173 1043 a
1201 1001 1262 1059 quo

154 1090 219 1148 alio
236 1089 366 1148 doctore
384 1089 624 1149 emendabituri
661 1085 691 1124 ⁸³
712 1090 771 1152 Vos
788 1091 859 1149 eriis
875 1089 931 1150 loo
947 1090 1062 1150 meandi.
1097 1091 1164 1152 lloe
1182 1108 1263 1169 apo·

154 1199 246 1257 stolis
269 1198 354 1272 dicit,
379 1198 451 1272 quia
474 1199 650 1259 illuminant
670 1201 814 1258 mundum
838 1199 980 1258 doctrina
1002 1202 1147 1260 eoelesti.
1190 1200 1264 1261 Nea

152 1310 256 1386 potest
280 1308 389 1367 civitot
409 1307 556 1367 abscondi
576 1327 667 1386 anper
688 1315 819 1367 montom
839 1309 956 1387 posito.
1002 1308 1121 1368 Civitas
1144 1327 1162 1367 a
1183 1311 1263 1369 eivi-

155 1416 213 1476 bus
237 1413 367 1492 dieitur,
396 1416 500 1474 idest
524 1416 563 1475 ab
585 1414 818 1475 habitatoribus
845 1418 1043 1493 appelletur3
1073 1419 1186 1477 civitas
1209 1435 1263 1479 ee·

154 1525 272 1600 elesius,
302 1539 390 1582 mons
413 1524 638 1599 intelligendus
658 1528 709 1584 est
730 1523 891 1602 Christus,
915 1542 1013 1603 super
1038 1542 1128 1601 quem
1152 1528 1263 1588 aedili-

156 1635 227 1692 eata
247 1635 298 1691 est
313 1631 460 1692 ecelesia.
505 1626 536 1665 ³4
547 1632 653 1714 Neque
666 1633 835 1694 accendunt
851 1633 1001 1695 inunum
1017 1643 1047 1696 ei
1060 1643 1182 1715 ponunt
1196 1656 1262 1697 eoae

154 1741 333 1802 submodio
354 1739 409 1801 aed
432 1759 523 1819 super
545 1740 770 1802 eurideielrum.
808 1740 956 1802 ¹Luoernu
977 1745 1108 1805 verbum
1129 1745 1181 1804 dei
1204 1749 1264 1823 eet,

154 1852 289 1911 modium
312 1854 415 1910 eutem
439 1852 509 1928 lex,
530 1867 569 1910 ee
593 1852 681 1926 quod<
698 1852 729 1910 iu
752 1852 860 1911 abdito
882 1853 953 1912 loeo
976 1853 1090 1928 luerit3
1113 1854 1262 1914 caudela-

154 1960 244 2020 brum
272 1976 364 2019 vero¹
381 1977 459 2020 erux
482 1959 617 2036 Christi,
648 1977 729 2036 quae
759 1963 857 2021 toturn
889 1964 1031 2022 mundum
1064 1962 1190 2039 fulgore
1215 1964 1264 2024 sui

155 2070 280 2130 luminis
302 2069 485 2129 illustravit.
530 2065 641 2130 ³⁵Noti
663 2071 730 2130 teni
752 2068 847 2150 iopam
870 2069 986 2131 soluere
1005 2071 1061 2132 aod
1082 2071 1263 2152 adimplere.

156 2180 233 2248 Quia
262 2179 390 2238 dileetio
422 2179 557 2256 proximi
579 2181 662 2256 legis
684 2183 733 2239 est
756 2180 918 2256 plenitudo
941 2183 974 2240 et
993 2198 1089 2242 causa
1113 2179 1263 2242 humanae

157 2289 352 2364 dilectionis,
384 2287 526 2348 Christus
556 2305 671 2365 eorpus
696 2289 861 2349 humanum
890 2307 1014 2349 sumere
1037 2291 1264 2368 dignatusest,

155 2398 291 2473 ideoque
320 2413 381 2456 non
414 2397 512 2455 solvit
540 2397 642 2473 legem
673 2399 730 2456 sed
751 2398 895 2473 implevit
916 2398 1059 2457 salvator
1072 2401 1264 2461 adveniens.

156 2502 185 2541 ³⁶
200 2505 267 2567 loto
289 2525 377 2567 unum
402 2503 450 2564 vel
466 2525 541 2565 unus
562 2524 647 2583 apex
666 2524 728 2565 non
747 2505 929 2584 porooieribii
945 2525 964 2563 u
979 2503 1046 2584 leye
1069 2506 1169 2566 donee
1186 2507 1264 2568 doec

156 2617 259 2676 omnia
272 2617 360 2696 fient.
405 2614 468 2674 Per
487 2615 552 2673 iota
572 2616 667 2674 vetus
685 2614 841 2692 signifieat
856 2616 1150 2690 testamentumque
1168 2615 1264 2676 deua-

156 2726 249 2801 logus
281 2725 474 2799 continetur,
505 2724 571 2782 iota
599 2724 680 2782 enim
710 2740 768 2800 pro
800 2724 907 2783 deeem
930 2725 981 2782 est
1002 2724 1086 2799 apud
1108 2721 1264 2802 Graeeos;

156 2827 186 2867 ³⁷
198 2827 282 2909 apex
304 2835 408 2892 autem
430 2833 566 2908 quatuor
587 2832 700 2892 literas
721 2831 858 2910 habens,
881 2850 940 2911 per
962 2833 1158 2910 evangelium
1182 2851 1265 2910 que·

156 2942 301 3018 druplex‚
323 2943 542 3000 testamentum
564 2943 681 3001 indioat
701 2959 823 3002 novum.
864 2935 894 2976 ³⁸
906 2942 985 3003 Esto
1002 2943 1190 3002 consentiens
1205 2942 1265 3003 ud-

156 3051 290 3110 ooraerio
311 3057 384 3111 tuo.-
406 3051 466 3111 hoe
489 3053 538 3110 est
559 3051 624 3128 legi
647 3052 773 3112 divinae
795 3053 947 3126 consenti,
970 3051 1173 3127 quam-omnis
1187 3068 1265 3129 pee-

156 3161 246 3218 oator
265 3160 481 3222 adversarium
510 3163 601 3238 putat
629 3161 808 3220 obviantem
833 3159 1001 3220 desideriis
1024 3160 1110 3237 suis3
1141 3161 1214 3221 done
1234 3178 1266 3222 aa

150 3271 190 3327 ia
211 3270 275 3347 oio,
298 3269 331 3329 id
353 3272 404 3329 est
422 3271 453 3329 in
476 3270 537 3330 hae
557 3270 718 3348 praesenti
739 3271 805 3330 vita
829 3270 881 3328 vel
903 3270 934 3328 iu
958 3284 1052 3329 earne
1063 3314 1078 3346 ,.
1099 3289 1136 3330 no
1156 3269 1266 3333 tradat

157 3385 188 3437 te
206 3377 314 3439 iudici.
357 3378 427 3457 Age
448 3380 546 3456 igitur
568 3380 650 3455 quod
673 3380 839 3457 praecepit
861 3380 932 3456 lex,
956 3396 996 3438 ne
1019 3383 1051 3438 te
1074 3379 1266 3441 dissentien-

156 3489 219 3546 tem
246 3485 308 3547 sibi
336 3488 442 3547 madet
470 3487 580 3563 iudici,
611 3488 733 3546 seilicet
760 3487 902 3563 Christo,
931 3487 1078 3547 elindeo
1105 3488 1213 3549 trudet
1235 3496 1266 3552 io

226 3667 267 3721 31.
286 3667 333 3720 hoe
352 3664 417 3734 dim]
437 3668 527 3721 naith.
546 3665 589 3734 16,
605 3667 649 3722 23.
729 3669 846 3721 mentelii
870 3669 911 3721 hio
939 3669 1040 3721 laliuam
1068 3670 1191 3738 originem
1216 3672 1265 3740 ipsi

226 3751 269 3805 32.
291 3753 340 3804 Vos
360 3751 421 3820 ete]
440 3753 530 3805 Metili.
549 3751 636 3818 5,13.
728 3756 816 3820 aperte
836 3752 956 3820 produnt.
992 3753 1049 3806 Non
1072 3755 1139 3807 enim
1157 3770 1264 3822 graecus

227 3836 270 3891 33.
293 3838 342 3890 Vos
361 3837 421 3906 eie]
438 3839 530 3890 Malli.
551 3838 575 3905 5,
593 3836 635 3889 14.
729 3837 804 3890 homo
829 3839 865 3889 ile
889 3837 973 3891 dicere
992 3840 1082 3907 poluit.
1122 3841 1152 3893 ln
1171 3853 1265 3906 graeco

162 3909 165 3912 ’
225 3921 269 3976 el.
286 3918 379 3990 'litque
396 3922 460 3992 olo]
478 3921 568 3976 Metili.
587 3922 671 3989 5,15.
728 3923 851 3974 Matthaei
869 3925 941 3979 textu
959 3926 1045 3976 exalat
1061 3924 1177 3991 sepeio,
1196 3922 1265 3992 qued

216 3999 269 4059 id.
289 4007 349 4060 lion
367 4005 434 4076 eto]
449 4007 537 4060 Moti.
555 4007 581 4072 ὅ,
598 4007 642 4060 17.
729 4007 843 4072 verbum,
864 4012 892 4060 ut
912 4002 991 4076 rides,
1009 3998 1061 4061 non
1081 4012 1201 4076 quatuor
1218 4007 1266 4062 aed

228 4091 270 4146 36.
288 4093 348 4145 loia
367 4091 427 4160 elo]
447 4093 537 4147 naith.
556 4091 582 4156 5,
599 4092 641 4145 18.
729 4109 775 4147 sex
792 4092 879 4146 literas
897 4094 982 4147 habel.

226 4175 269 4228 37.
287 4191 353 4245 apex
370 4191 392 4229 a.
412 4181 479 4246 quat.
497 4176 537 4234 lit.
554 4176 594 4245 ln]
616 4179 693 4231 com·
797 4176 840 4231 38.
858 4178 925 4231 litio
943 4176 1006 4245 eia]
1027 4176 1118 4231 lirun
1136 4176 1162 4244 i,
1178 4176 1222 4233 25.
