2836 4852
487 255 547 318 ιιι).
567 219 970 324 summonuistis.
1220 248 1284 316 sss

224 426 344 493 Venite,
368 444 428 484 nou
450 426 585 487 tenebras
605 427 763 506 sequimini
784 434 814 486 et
828 424 997 504 'colipinem
1018 443 1150 504 semper.-

218 534 302 596 Solis
324 533 415 595 dulce
437 536 501 594 uisu
523 554 593 594 eece
615 535 713 596 lumen
735 536 857 614 epreyie
879 533 1028 613 splendet.

221 643 405 724 Gopuoseite
423 652 572 722 ponentes
591 646 773 724 sapientiem
796 645 829 703 in
848 642 1023 722 pectoribus
1045 644 1168 702 vestris.-

222 753 304 814 Unus
327 751 400 814 deus
423 760 484 827 est,
503 755 632 822 imbres,
655 761 776 822 ventos,
800 761 899 812 terroe
920 759 1017 812 motus
1039 753 1212 833 immittens,

217 861 371 942 Fulpumu
393 865 508 941 fames,
528 871 630 942 pestes
649 871 688 924 et¹
702 862 798 924 luctus
820 863 921 920 tristes

217 970 259 1030 Et
281 973 379 1039 nives,
401 971 568 1051 ιηἰιιοιίιιι.π
595 972 679 1043 Quid
695 969 822 1051 sinyulo
844 969 1066 1030 commemoro?

219 1077 344 1140 (ioelum
365 1081 529 1159 pubernot,
554 1090 666 1143 terram
689 1090 784 1150 tenet,
808 1081 874 1158 ipse
894 1079 1023 1138 exsistit.

118 1221 122 1229 ‚
153 1187 214 1246 Et
238 1191 268 1247 in
292 1204 349 1249 eos
371 1192 424 1264 qui
448 1192 509 1250 orti
532 1193 676 1253 dicuntur
699 1193 804 1252 locuta
826 1193 895 1249 est:

218 1297 255 1356 Si
276 1307 373 1358 ortum
400 1301 522 1360 omnino
545 1302 752 1380 corrumpitur
759 1331 768 1367 ‚-
791 1302 977 1374 nonpotest
999 1295 1128 1354 bominis

215 1405 268 1464 En
290 1405 395 1467 lumbis
418 1417 446 1466 et
467 1410 595 1468 matrice
618 1408 691 1469 olens
710 1411 863 1487 formatus
884 1424 957 1464 esse.

218 1513 284 1575 Set
304 1513 377 1574 deus
396 1512 476 1573 solus
497 1534 572 1574 unus
595 1514 829 1584 excelsissimus,
854 1516 905 1594 qui
928 1515 1005 1591 fecit

220 1620 343 1682 Coelum
366 1629 395 1681 et
417 1621 510 1683 solem
532 1629 562 1682 et
582 1632 667 1683 ostra
689 1631 719 1683 et
745 1622 862 1692 lunum,

217 1730 359 1791 Fertilem
382 1739 499 1791 terrum⁴
517 1740 545 1789 et
568 1733 700 1791 morines
719 1735 812 1810 ponti
830 1729 1005 1812 procellos,

216 1839 339 1900 Montes
360 1839 495 1900 eucelsos
517 1849 546 1901 et
564 1859 711 1919 perennes
734 1842 933 1919 scoturipiues
954 1844 1106 1921 fontium

217 1949 321 2010 Etiam
344 1949 525 2030 epistilium
545 1957 673 2028 penerot
695 1949 939 2011 innumerabilem
957 1950 1200 2021 mesltitndinem3

217 2057 357 2138 Reptilio
379 2066 478 2118 uestem
502 2077 579 2137 quoe
601 2059 633 2116 in
655 2065 736 2117 terro
760 2069 915 2119 moventur
936 2063 1051 2128 nutrit,

225 2169 319 2230 Vario
341 2185 458 2247 quoque
482 2165 639 2234 volatilia,
663 2169 794 2228 suaviter
815 2171 974 2239 sonantia,
998 2168 1212 2246 balbutientia,

217 2275 374 2345 Pulchro,
393 2275 450 2336 elis
474 2274 565 2336 derlee
587 2279 765 2355 crepantia,
789 2297 886 2337 oerem
907 2281 1016 2358 pennis
1041 2281 1213 2353 turbantio‚·

173 2445 175 2447 ,
218 2386 253 2446 In
274 2385 399 2447 saltibus
422 2393 520 2446 eutem
544 2387 689 2446 mmetium
711 2384 846 2446 silvestre
867 2406 962 2463 penus
979 2390 1087 2465 posuit
1107 2392 1258 2469 ferurum3

174 2631 238 2682 Due.
253 2631 319 2681 Mor.
335 2629 468 2696 ΗιιιιιηΙιι,
486 2629 560 2679 etiam
575 2628 652 2680 Alex.
667 2629 711 2694 (cf.
746 2630 780 2680 its
800 2633 892 2694 tamen,
911 2634 940 2681 ut
957 2632 1153 2696 ψυχροτροφεῖ
1170 2647 1199 2682 τε
1217 2631 1284 2692 seti-
1329 2665 1332 2669 -

174 2713 450 2780 sib.1.c.6.n.5).
487 2715 523 2765 At
548 2712 616 2767 sels.
638 2713 712 2764 Wolf.
747 2714 846 2764 herent.
891 2713 1035 2764 Praeeunts
1062 2714 1181 2779 Ducam,
1209 2729 1283 2783 quem

175 2800 240 2851 Mar.
264 2797 311 2851 uui
332 2793 446 2852 oliorum
483 2795 548 2851 Gall.
569 2801 595 2848 et
614 2797 711 2851 Friedl.
748 2797 834 2850 Glaus.
860 2798 946 2849 versio
975 2799 1015 2862 (et
1037 2799 1084 2865 qui
1106 2798 1208 2866 friyiio
1231 2814 1284 2851 uu-

173 2885 345 2937 restiiuerunt
363 2878 386 2935 κ’
406 2877 521 2935 birrus.
549 2936 550 2940 ,
747 2881 884 2951 utuntur)
903 2884 929 2936 in
949 2897 1062 2935 errorem
1082 2883 1285 2955 duxit2wlegunt

244 2968 287 3021 34.
312 2965 336 3020 τ’
355 2967 375 3022 ἒ.
393 2965 474 3035 πάλι]
503 2967 566 3019 Ven.
586 2972 613 3018 el
631 2966 711 3019 Gesn.
746 2969 813 3036 Mor.
842 2972 867 3020 ei
892 2969 958 3020 blar-
985 2967 1048 3020 mals
1075 2973 1284 3036 ψυχροτροφιῒς

174 3073 204 3108 τε
223 3051 244 3108 ἐ.
262 3049 358 3119 πάλιν,
379 3052 452 3106 Bodl.
472 3071 501 3105 τε
520 3049 541 3106 ἐ.
564 3049 640 3105 πάλι.
660 3052 710 3104 Pro
748 3055 806 3120 (pro
834 3053 1036 3120 ψυχροτραφῆ)
1067 3071 1106 3107 τι.
1152 3053 1229 3108 Alex.
1259 3059 1285 3108 el

173 3142 257 3212 γεννᾷ
284 3144 392 3208 uterque
418 3139 474 3191 eod.
503 3143 583 3191 metus
612 3138 712 3206 γεννᾶν
747 3138 843 3190 Friedl.
863 3138 985 3190 suadente
1003 3138 1144 3191 Gtroerero
1163 3141 1285 3192 restitue·

175 3224 305 3278 mendose.
746 3228 807 3276 tunt
823 3227 1057 3292 ψυχοτροφιῖται,
1077 3239 1162 3277 vocem
1177 3225 1283 3280 mediam

244 3311 286 3363 35.
319 3305 350 3361 δὲ
374 3308 466 3376 γαίης]
498 3308 561 3359 Ven.
587 3306 661 3359 Bodl.
686 3311 713 3358 ei
747 3323 793 3377 pro
822 3309 911 3363 actim.
947 3309 1066 3362 Literss
1077 3328 1107 3362 αι
1133 3313 1159 3361 et
1177 3327 1189 3363 ι
1208 3325 1285 3380 saepe

169 3395 263 3448 editt.-
257 3395 373 3462 ‚oxeipe
392 3395 455 3447 Fell.
475 3397 501 3445 et
516 3393 591 3444 Wolf.
612 3392 654 3458 qui
673 3393 711 3442 vi·
747 3397 932 3445 commutentur
951 3408 964 3443 ι
983 3393 1089 3447 scribis·
1118 3393 1175 3447 coll.
1195 3410 1221 3446 ιι.
1241 3393 1284 3448 49.

173 3481 240 3532 iisse
260 3473 430 3532 dederuntb’
451 3474 593 3544 ἐνηαίης,
620 3471 716 3542 prob'
746 3475 796 3539 49,
816 3493 837 3529 c.
856 3476 881 3528 7.
902 3493 926 3528 ιι.
945 3477 976 3541 8,
996 3493 1017 3529 c.
1038 3477 1080 3532 32.
1108 3494 1132 3530 ιι.
1152 3478 1183 3546 9,
1203 3495 1223 3531 c.
1241 3479 1284 3532 37

174 3562 204 3618 lu
229 3565 326 3633 γαίης,
357 3564 427 3633 quod
451 3564 577 3630 Humplsr.
604 3563 711 3628 recepit.
746 3579 772 3614 ιι.
789 3560 816 3629 2,
835 3563 867 3615 al.

175 3649 251 3705 Wolf.
277 3650 391 3702 coniecit
412 3647 546 3714 legendum
566 3644 601 3714 δη
622 3647 711 3713 γαίης,
814 3645 857 3698 36.
889 3645 1014 3712 πτηνων]
1051 3647 1133 3712 Vulgo
1167 3651 1285 3718 κτηνῶν.

176 3735 333 3804 „praempue
353 3750 429 3801 quum
448 3751 477 3785 τε
498 3734 536 3796 (in
553 3732 632 3798 finci)
652 3748 711 3784 ver·
747 3730 897 3783 Ersfflomm
891 3744 938 3781 mm
958 3730 1090 3783 Tlsienem.
1108 3735 1214 3789 notovit.

175 3835 231 3872 sum
257 3821 324 3872 huno
350 3835 406 3870 cum
426 3818 554 3885 peioribus
573 3819 634 3870 satie
653 3818 711 3868 iun·
815 3815 856 3868 97.
885 3808 1129 3884 ληιιπτερόφωιια]
1159 3820 1202 3873 Sis
1230 3835 1285 3872 mo-

176 3904 261 3971 gats‘.
283 3903 381 3956 Deinde
405 3904 467 3955 Ven.
494 3906 711 3970 ψυχοτροφεῖτε.
748 3901 801 3952 nitu
822 3900 951 3971 Opsopoei
971 3917 991 3954 c.
1007 3902 1119 3974 ΗιιιιιηΙι.
1138 3905 1221 3957 scribo
1240 3919 1286 3970 pro

168 3987 256 4041 Geso.
276 4003 336 4041 sero
356 3990 391 4054 (u
411 3988 449 4052 lis.
469 3988 498 4054 ρ)
519 3988 588 4042 dedit
606 3998 712 4055 ηυχρο-
748 3983 1017 4053 λιγυροπτερόφωια
1043 3989 1119 4047 (Vsu.
1138 3993 1163 4040 et
1182 3987 1285 4055 (iussn).

169 4076 307 4140 Ιτροφεῖτε
327 4072 467 4139 (Rodii),
486 4088 558 4141 quam
577 4074 712 4126 lectionem
748 4071 800 4124 Alii
818 4069 1052 4139 λιηιιροτρόφωιια
1072 4071 1174 4138 (bodl.)
1191 4071 1230 4123 vel
1246 4075 1286 4125 ie-

174 4157 241 4221 Fell.
269 4158 346 4212 Wolf.
375 4158 502 4226 Humphs.
535 4159 616 4211 secuti
644 4148 711 4224 sust,
748 4155 903 4223 ηυρόφωιια
927 4158 1004 4224 (buc.
1032 4159 1098 4210 blot.
1125 4156 1192 4227 Fell.
1212 4158 1286 4213 Wolf.
