2836 4852
149 320 200 368 xx
511 293 898 370 PaenuGOMuNA.

149 484 310 577 philus
341 482 705 576 Schelgvigius,
740 482 953 574 priusquam
987 477 1270 570 professionem

150 613 188 680 in
219 608 410 702 gymnasio
446 606 655 680 Godanensi
688 607 869 701 suscepit,
905 604 1031 695 operis
1069 603 1270 698 'l'heophi-

150 734 240 805 liani
266 733 462 805 editionem
487 736 686 827 meditans,
712 734 750 802 in
775 733 908 802 itinere
932 728 1080 820 anglico
1107 752 1140 801 a.
1165 735 1269 808 1708

151 858 324 929 contulit:
349 859 421 951 qui,
448 881 555 948 quum
579 866 747 949 coeptam
771 859 969 927 editionem
994 858 1109 928 multa
1134 879 1268 930 mune·-

151 986 204 1054 ris
230 983 471 1072 occupatione
496 986 678 1055 distentus
705 985 904 1053 absolvere
930 1001 1003 1052 non
1028 990 1166 1076 posset,
1192 1007 1268 1056 va·

151 1108 291 1178 riames
318 1108 498 1178 lectiones
524 1130 604 1179 cum
629 1106 819 1177 Wolfio
846 1106 961 1176 amice
987 1109 1271 1181 communicavit

153 1237 193 1302 ut
215 1252 335 1303 novae
359 1233 512 1303 editioni
539 1234 586 1303 ab
612 1254 657 1304 eo
681 1233 871 1322 parandae
894 1231 1126 1302 inservirent.
1168 1234 1268 1306 Per·-

152 1377 289 1448 paucas
311 1365 448 1430 tantum
479 1358 618 1428 omisit:
645 1378 736 1447 quas
759 1356 942 1447 supplevi.

254 1482 315 1553 111.
355 1483 479 1554 Codex
516 1481 711 1554 Parisinus
743 1479 1130 1569 Dcccnxxxffl,
1175 1483 1265 1554 elim

152 1609 227 1680 808
254 1617 386 1697 postea
412 1611 528 1702 1827,
553 1608 706 1679 Parisiis
736 1609 773 1678 in
801 1607 1032 1678 Bibliotheca
1056 1604 1266 1695 Imperato-

152 1733 210 1804 ria
234 1735 449 1828 custoditus,
478 1756 526 1804 ex
550 1754 701 1804 numero
727 1732 1101 1803 Fonteblandensium
1125 1730 1267 1821 (Regia

154 1858 248 1927 enim
281 1855 808 1929 Β1111101110001511-1595
842 1857 879 1926 in
916 1874 1002 1925 arce
1033 1856 1265 1926 1101110111οη-

153 1981 259 2049 densi
287 1983 594 2075 asservabatur),
625 1982 861 2074 chartaceus,
888 2002 934 2050 ex
958 1981 1106 2071 vulgari
1136 1980 1267 2052 charta

153 2127 249 2177 saec.
273 2106 363 2176 XVI
394 2107 545 2201 usitata,
580 2107 731 2176 infolio
757 2127 909 2197 magno,
945 2105 1119 2176 t'oliorum
1147 2106 1266 2196 (223)

154 2231 247 2324 218,
275 2252 370 2301 anno
398 2232 499 2302 1510
531 2232 671 2322 (primu
701 2234 890 2302 dumtaxat
917 2229 1007 2300 folio
1034 2231 1213 2322 excepto)
1243 2253 1268 2302 a

154 2355 482 2427 Constantino
518 2356 895 2448 Palaeocappa,
937 2375 1076 2445 graeco
1107 2354 1266 2448 homino,

153 2480 405 2554 monachicum
431 2481 671 2552 Pachomii
700 2503 831 2552 nomen
854 2481 1011 2572 ferente,
1035 2479 1137 2549 ouius
1163 2500 1267 2549 com-

152 2608 281 2696 plures
306 2609 417 2680 hodie
452 2608 539 2678 libri
573 2607 656 2677 msti
693 2613 841 2676 exstant
874 2602 990 2695 (Opp.
1016 2601 1198 2693 Athenag.
1221 2626 1269 2673 a

153 2730 263 2822 (lurp.
288 2735 412 2825 Apoll.
438 2734 521 2803 Vol.
542 2732 620 2802 Vll.
646 2731 760 2802 Proll.
786 2752 820 2820 p.
842 2730 981 2823 XXIV,
1006 2731 1089 2799 coll.
1114 2727 1266 2798 Monte-

63 2859 66 2864 ’
152 2853 286 2927 falcon.
324 2859 519 2946 Palaeogr.
557 2876 612 2946 gr.
648 2877 682 2945 p.
716 2855 832 2948 105),
873 2854 1005 2946 grandi
1040 2854 1265 2947 charactere,

152 2984 415 3067 μονοκονδυλίοις
446 2986 486 3049 01
525 2980 669 3050 librarii
710 2981 837 3070 graeei
877 2984 1030 3072 vocant,
1074 2981 1267 3069 eleganter

154 3110 339 3199 exaratus,
366 3107 556 3176 undecimo
580 3108 663 3174 locu
687 3104 750 3174 fol.
770 3100 986 3174 422-—11211
1013 3102 1267 3193 Theophili

152 3229 286 3302 librum
311 3232 506 3302 tertium
532 3233 580 3301 ad
607 3231 832 3322 Autolycum
861 3231 1027 3319 praebet.
1068 3228 1147 3298 1100
1169 3228 1267 3298 enim

154 3355 280 3425 codiee
315 3359 566 3428 continentur:
603 3355 649 3425 1⁰.
682 3359 843 3445 Θεῶρημα
870 3338 1053 3424 reddetur
1079 3358 1268 3440 μαξίμου

152 3479 215 3549 sol.
239 3485 303 3551 1⁸:
329 3487 616 3574 repraesentans
642 3478 799 3571 figuram
826 3480 1044 3549 circularem
1064 3476 1267 3568 mysticam,

153 3604 232 3675 sive
259 3608 416 3678 circulos
440 3616 517 3678 tres
542 3626 626 3675 sese
651 3612 775 3675 mutuo
797 3611 967 3674 secantes
992 3609 1029 3673 et
1050 3623 1161 3672 unum
1181 3601 1269 3670 illos

152 3730 520 3826 circumplectentem,
548 3753 627 3801 cum
652 3729 953 3819 inscriptionibus
980 3727 1155 3799 t1initatis
1180 3747 1268 3817 my-

151 3856 302 3927 sterium
330 3857 607 3948 explicantibus.
659 3857 709 3924 20.
735 3854 1065 3927 Hexastichon
1094 3850 1268 3921 iambi·

153 4002 246 4052 oum
273 3978 423 4053 sol.1¹’:
458 3987 639 4070 quatenus
670 3980 719 4048 ad
744 3981 851 4049 deum
879 3979 1064 4070 pertineat
1084 3979 1122 4045 ro
1144 3975 1268 4061 διττόν,

151 4108 189 4176 vd
209 4111 349 4197 τριπόν,
371 4109 497 4195 τετράς,
519 4109 653 4192 πεντάς,
676 4105 762 4192 ἔξάς,
785 4106 896 4184 {nudo
941 4105 989 4173 3⁰.
1020 4097 1269 4172 Anastasii

154 4231 435 4306 Antiocheni
462 4236 499 4302 ct
524 4228 697 4322 (lyrilli
726 4228 1045 4299 Alexandrini
1074 4221 1268 4314 Expositio
