<?xml version="1.0" encoding="UTF-8"?>
<!DOCTYPE html PUBLIC "-//W3C//DTD XHTML 1.0 Transitional//EN"
    "http://www.w3.org/TR/xhtml1/DTD/xhtml1-transitional.dtd">
<html xmlns="http://www.w3.org/1999/xhtml" xml:lang="en" lang="en">
 <head>
  <title>
</title>
<meta http-equiv="Content-Type" content="text/html;charset=utf-8" />
  <meta name='ocr-system' content='tesseract 3.04.00' />
  <meta name='ocr-capabilities' content='ocr_page ocr_carea ocr_par ocr_line ocrx_word'/>
</head>
<body>
  <div class='ocr_page' id='page_1' title='image "./corpusapologeta00unkngoog_0198.png"; bbox 0 0 2836 4852; ppageno 0'>
   <div class='ocr_carea' id='block_1_1' title="bbox 467 265 1268 364">
    <p class='ocr_par' dir='ltr' id='par_1_1' title="bbox 467 265 1268 364">
     <span class='ocr_line' id='line_1_1' title="bbox 467 265 1268 364; baseline 0.004 -32"><span class='ocrx_word' id='word_1_1' title='bbox 467 268 525 332; x_wconf 79' lang='lat' dir='ltr'><strong>ao</strong></span> <span class='ocrx_word' id='word_1_2' title='bbox 547 266 953 332; x_wconf 65' lang='lat' dir='ltr'><strong>inconsonantes</strong></span> <span class='ocrx_word' id='word_1_3' title='bbox 1204 265 1268 364; x_wconf 78' lang='lat' dir='ltr'><strong>loa</strong></span> 
     </span>
    </p>
   </div>
   <div class='ocr_carea' id='block_1_2' title="bbox 121 437 1275 2263">
    <p class='ocr_par' dir='ltr' id='par_1_2' title="bbox 121 437 1275 2263">
     <span class='ocr_line' id='line_1_2' title="bbox 155 437 1268 516; baseline 0.006 -18"><span class='ocrx_word' id='word_1_4' title='bbox 155 438 264 516; x_wconf 88' lang='lat' dir='ltr'><strong>gentia</strong></span> <span class='ocrx_word' id='word_1_5' title='bbox 284 438 318 498; x_wconf 91' lang='lat' dir='ltr'><strong>ot</strong></span> <span class='ocrx_word' id='word_1_6' title='bbox 336 437 494 514; x_wconf 89' lang='lat' dir='ltr'><strong>sapientia</strong></span> <span class='ocrx_word' id='word_1_7' title='bbox 514 439 547 498; x_wconf 90' lang='lat' dir='ltr'><strong>et</strong></span> <span class='ocrx_word' id='word_1_8' title='bbox 568 439 804 500; x_wconf 89' lang='lat' dir='ltr'><strong>immortalitate</strong></span> <span class='ocrx_word' id='word_1_9' title='bbox 828 442 860 501; x_wconf 89' lang='lat' dir='ltr'><strong>et</strong></span> <span class='ocrx_word' id='word_1_10' title='bbox 875 439 1017 501; x_wconf 85' lang='lat' dir='ltr'><strong>omnibns</strong></span> <span class='ocrx_word' id='word_1_11' title='bbox 1038 440 1139 502; x_wconf 78' lang='lat' dir='ltr'><strong>bonis.</strong></span> <span class='ocrx_word' id='word_1_12' title='bbox 1177 439 1268 505; x_wconf 85' lang='lat' dir='ltr'><strong>Luna</strong></span> 
     </span>
     <span class='ocr_line' id='line_1_3' title="bbox 153 547 1267 629; baseline 0.002 -20"><span class='ocrx_word' id='word_1_13' title='bbox 153 565 233 609; x_wconf 92' lang='lat' dir='ltr'><strong>vero</strong></span> <span class='ocrx_word' id='word_1_14' title='bbox 256 548 389 624; x_wconf 88' lang='lat' dir='ltr'><strong>singulis</strong></span> <span class='ocrx_word' id='word_1_15' title='bbox 412 547 570 607; x_wconf 89' lang='lat' dir='ltr'><strong>mensibus</strong></span> <span class='ocrx_word' id='word_1_16' title='bbox 593 550 750 610; x_wconf 76' lang='lat' dir='ltr'><strong>decrescit</strong></span> <span class='ocrx_word' id='word_1_17' title='bbox 770 553 805 610; x_wconf 87' lang='lat' dir='ltr'><strong>et</strong></span> <span class='ocrx_word' id='word_1_18' title='bbox 825 551 1053 626; x_wconf 86' lang='lat' dir='ltr'><strong>quodammodo</strong></span> <span class='ocrx_word' id='word_1_19' title='bbox 1073 552 1175 629; x_wconf 91' lang='lat' dir='ltr'><strong>perit,</strong></span> <span class='ocrx_word' id='word_1_20' title='bbox 1204 551 1267 612; x_wconf 89' lang='lat' dir='ltr'><strong>bo·</strong></span> 
     </span>
     <span class='ocr_line' id='line_1_4' title="bbox 154 657 1268 734; baseline 0.004 -16"><span class='ocrx_word' id='word_1_21' title='bbox 154 659 245 718; x_wconf 89' lang='lat' dir='ltr'><strong>minis</strong></span> <span class='ocrx_word' id='word_1_22' title='bbox 269 658 502 718; x_wconf 88' lang='lat' dir='ltr'><strong>similitudinem</strong></span> <span class='ocrx_word' id='word_1_23' title='bbox 531 657 703 734; x_wconf 79' lang='lat' dir='ltr'><strong>exhibens,</strong></span> <span class='ocrx_word' id='word_1_24' title='bbox 737 661 850 719; x_wconf 90' lang='lat' dir='ltr'><strong>deinde</strong></span> <span class='ocrx_word' id='word_1_25' title='bbox 881 660 1058 720; x_wconf 82' lang='lat' dir='ltr'><strong>renascitur</strong></span> <span class='ocrx_word' id='word_1_26' title='bbox 1087 663 1121 720; x_wconf 88' lang='lat' dir='ltr'><strong>et</strong></span> <span class='ocrx_word' id='word_1_27' title='bbox 1149 662 1268 722; x_wconf 78' lang='lat' dir='ltr'><strong>crescit</strong></span> 
     </span>
     <span class='ocr_line' id='line_1_5' title="bbox 154 766 1266 846; baseline 0.003 -20"><span class='ocrx_word' id='word_1_28' title='bbox 154 768 187 826; x_wconf 86' lang='lat' dir='ltr'><strong>in</strong></span> <span class='ocrx_word' id='word_1_29' title='bbox 209 768 386 844; x_wconf 82' lang='lat' dir='ltr'><strong>exemplum</strong></span> <span class='ocrx_word' id='word_1_30' title='bbox 409 766 535 826; x_wconf 89' lang='lat' dir='ltr'><strong>futurae</strong></span> <span class='ocrx_word' id='word_1_31' title='bbox 555 769 811 829; x_wconf 84' lang='lat' dir='ltr'><strong>resurrectionis.</strong></span> <span class='ocrx_word' id='word_1_32' title='bbox 854 768 1005 831; x_wconf 87' lang='lat' dir='ltr'><strong>Similiter</strong></span> <span class='ocrx_word' id='word_1_33' title='bbox 1027 773 1095 830; x_wconf 88' lang='lat' dir='ltr'><strong>tres</strong></span> <span class='ocrx_word' id='word_1_34' title='bbox 1114 770 1162 829; x_wconf 93' lang='lat' dir='ltr'><strong>illi</strong></span> <span class='ocrx_word' id='word_1_35' title='bbox 1186 771 1266 846; x_wconf 83' lang='lat' dir='ltr'><strong>dies,</strong></span> 
     </span>
     <span class='ocr_line' id='line_1_6' title="bbox 156 875 1268 956; baseline 0.002 -20"><span class='ocrx_word' id='word_1_36' title='bbox 156 876 209 952; x_wconf 83' lang='lat' dir='ltr'><strong>qni</strong></span> <span class='ocrx_word' id='word_1_37' title='bbox 228 878 302 936; x_wconf 87' lang='lat' dir='ltr'><strong>ante</strong></span> <span class='ocrx_word' id='word_1_38' title='bbox 321 875 486 934; x_wconf 88' lang='lat' dir='ltr'><strong>luminaria</strong></span> <span class='ocrx_word' id='word_1_39' title='bbox 516 875 659 954; x_wconf 89' lang='lat' dir='ltr'><strong>fuerunt,</strong></span> <span class='ocrx_word' id='word_1_40' title='bbox 690 878 794 956; x_wconf 84' lang='lat' dir='ltr'><strong>imago</strong></span> <span class='ocrx_word' id='word_1_41' title='bbox 817 881 889 938; x_wconf 87' lang='lat' dir='ltr'><strong>sunt</strong></span> <span class='ocrx_word' id='word_1_42' title='bbox 910 880 1039 955; x_wconf 79' lang='lat' dir='ltr'><strong>triadis,</strong></span> <span class='ocrx_word' id='word_1_43' title='bbox 1070 879 1122 939; x_wconf 90' lang='lat' dir='ltr'><strong>dai</strong></span> <span class='ocrx_word' id='word_1_44' title='bbox 1144 881 1177 938; x_wconf 96' lang='lat' dir='ltr'><strong>et</strong></span> <span class='ocrx_word' id='word_1_45' title='bbox 1198 879 1268 956; x_wconf 84' lang='lat' dir='ltr'><strong>logi</strong></span> 
     </span>
     <span class='ocr_line' id='line_1_7' title="bbox 155 984 1266 1065; baseline 0.002 -20"><span class='ocrx_word' id='word_1_46' title='bbox 155 986 222 1045; x_wconf 88' lang='lat' dir='ltr'><strong>eins</strong></span> <span class='ocrx_word' id='word_1_47' title='bbox 250 987 283 1044; x_wconf 91' lang='lat' dir='ltr'><strong>et</strong></span> <span class='ocrx_word' id='word_1_48' title='bbox 313 984 488 1060; x_wconf 89' lang='lat' dir='ltr'><strong>sapientiae</strong></span> <span class='ocrx_word' id='word_1_49' title='bbox 519 986 596 1044; x_wconf 82' lang='lat' dir='ltr'><strong>eins.</strong></span> <span class='ocrx_word' id='word_1_50' title='bbox 641 987 777 1056; x_wconf 79' lang='lat' dir='ltr'><strong>Quartae</strong></span> <span class='ocrx_word' id='word_1_51' title='bbox 808 991 911 1049; x_wconf 88' lang='lat' dir='ltr'><strong>autern</strong></span> <span class='ocrx_word' id='word_1_52' title='bbox 938 986 1065 1065; x_wconf 83' lang='lat' dir='ltr'><strong>imagini</strong></span> <span class='ocrx_word' id='word_1_53' title='bbox 1090 988 1266 1064; x_wconf 82' lang='lat' dir='ltr'><strong>respondet</strong></span> 
     </span>
     <span class='ocr_line' id='line_1_8' title="bbox 153 1094 1265 1175; baseline 0.004 -22"><span class='ocrx_word' id='word_1_54' title='bbox 153 1094 247 1154; x_wconf 89' lang='lat' dir='ltr'><strong>bomo</strong></span> <span class='ocrx_word' id='word_1_55' title='bbox 269 1096 322 1170; x_wconf 84' lang='lat' dir='ltr'><strong>qni</strong></span> <span class='ocrx_word' id='word_1_56' title='bbox 344 1095 415 1154; x_wconf 91' lang='lat' dir='ltr'><strong>luce</strong></span> <span class='ocrx_word' id='word_1_57' title='bbox 437 1094 571 1170; x_wconf 83' lang='lat' dir='ltr'><strong>indiget,</strong></span> <span class='ocrx_word' id='word_1_58' title='bbox 596 1097 631 1154; x_wconf 93' lang='lat' dir='ltr'><strong>nt</strong></span> <span class='ocrx_word' id='word_1_59' title='bbox 652 1097 715 1156; x_wconf 87' lang='lat' dir='ltr'><strong>sint</strong></span> <span class='ocrx_word' id='word_1_60' title='bbox 737 1098 825 1174; x_wconf 91' lang='lat' dir='ltr'><strong>dens,</strong></span> <span class='ocrx_word' id='word_1_61' title='bbox 848 1099 951 1175; x_wconf 87' lang='lat' dir='ltr'><strong>logos,</strong></span> <span class='ocrx_word' id='word_1_62' title='bbox 972 1097 1139 1173; x_wconf 90' lang='lat' dir='ltr'><strong>sapientia,</strong></span> <span class='ocrx_word' id='word_1_63' title='bbox 1160 1096 1265 1158; x_wconf 87' lang='lat' dir='ltr'><strong>homo.</strong></span> 
     </span>
     <span class='ocr_line' id='line_1_9' title="bbox 121 1203 1264 1280; baseline 0.003 -18"><span class='ocrx_word' id='word_1_64' title='bbox 121 1240 125 1244; x_wconf 92' lang='lat'>-</span> <span class='ocrx_word' id='word_1_65' title='bbox 153 1203 329 1280; x_wconf 86' lang='lat' dir='ltr'><strong>Propterea</strong></span> <span class='ocrx_word' id='word_1_66' title='bbox 350 1206 462 1278; x_wconf 89' lang='lat' dir='ltr'><strong>quarto</strong></span> <span class='ocrx_word' id='word_1_67' title='bbox 483 1203 534 1263; x_wconf 90' lang='lat' dir='ltr'><strong>die</strong></span> <span class='ocrx_word' id='word_1_68' title='bbox 556 1204 721 1266; x_wconf 88' lang='lat' dir='ltr'><strong>luminaria</strong></span> <span class='ocrx_word' id='word_1_69' title='bbox 742 1206 826 1265; x_wconf 84' lang='lat' dir='ltr'><strong>facta</strong></span> <span class='ocrx_word' id='word_1_70' title='bbox 849 1208 930 1266; x_wconf 84' lang='lat' dir='ltr'><strong>sunt</strong></span> <span class='ocrx_word' id='word_1_71' title='bbox 972 1205 1138 1266; x_wconf 88' lang='lat' dir='ltr'><strong>Astrornm</strong></span> <span class='ocrx_word' id='word_1_72' title='bbox 1160 1207 1264 1267; x_wconf 88' lang='lat' dir='ltr'><strong>autem</strong></span> 
     </span>
     <span class='ocr_line' id='line_1_10' title="bbox 154 1310 1265 1389; baseline 0.003 -17"><span class='ocrx_word' id='word_1_73' title='bbox 154 1313 322 1389; x_wconf 88' lang='lat' dir='ltr'><strong>dispositio</strong></span> <span class='ocrx_word' id='word_1_74' title='bbox 348 1310 476 1372; x_wconf 86' lang='lat' dir='ltr'><strong>exbibet</strong></span> <span class='ocrx_word' id='word_1_75' title='bbox 499 1314 590 1374; x_wconf 91' lang='lat' dir='ltr'><strong>nobis</strong></span> <span class='ocrx_word' id='word_1_76' title='bbox 613 1316 865 1375; x_wconf 88' lang='lat' dir='ltr'><strong>constitutionem</strong></span> <span class='ocrx_word' id='word_1_77' title='bbox 894 1318 926 1375; x_wconf 88' lang='lat' dir='ltr'><strong>et</strong></span> <span class='ocrx_word' id='word_1_78' title='bbox 948 1316 1088 1375; x_wconf 88' lang='lat' dir='ltr'><strong>ordinem</strong></span> <span class='ocrx_word' id='word_1_79' title='bbox 1111 1317 1265 1375; x_wconf 90' lang='lat' dir='ltr'><strong>iustorum</strong></span> 
     </span>
     <span class='ocr_line' id='line_1_11' title="bbox 153 1421 1264 1498; baseline 0.003 -18"><span class='ocrx_word' id='word_1_80' title='bbox 153 1423 187 1481; x_wconf 91' lang='lat' dir='ltr'><strong>et</strong></span> <span class='ocrx_word' id='word_1_81' title='bbox 217 1422 338 1498; x_wconf 89' lang='lat' dir='ltr'><strong>piorum</strong></span> <span class='ocrx_word' id='word_1_82' title='bbox 368 1423 401 1480; x_wconf 91' lang='lat' dir='ltr'><strong>et</strong></span> <span class='ocrx_word' id='word_1_83' title='bbox 431 1421 534 1496; x_wconf 81' lang='lat' dir='ltr'><strong>legem</strong></span> <span class='ocrx_word' id='word_1_84' title='bbox 565 1441 601 1483; x_wconf 90' lang='lat' dir='ltr'><strong>ac</strong></span> <span class='ocrx_word' id='word_1_85' title='bbox 632 1426 777 1484; x_wconf 86' lang='lat' dir='ltr'><strong>mandata</strong></span> <span class='ocrx_word' id='word_1_86' title='bbox 808 1425 860 1483; x_wconf 93' lang='lat' dir='ltr'><strong>dei</strong></span> <span class='ocrx_word' id='word_1_87' title='bbox 891 1425 1134 1484; x_wconf 83' lang='lat' dir='ltr'><strong>observantium.</strong></span> <span class='ocrx_word' id='word_1_88' title='bbox 1185 1423 1264 1483; x_wconf 86' lang='lat' dir='ltr'><strong>Nam</strong></span> 
     </span>
     <span class='ocr_line' id='line_1_12' title="bbox 151 1530 1264 1610; baseline 0.003 -21"><span class='ocrx_word' id='word_1_89' title='bbox 151 1530 321 1606; x_wconf 91' lang='lat' dir='ltr'><strong>splendida</strong></span> <span class='ocrx_word' id='word_1_90' title='bbox 350 1531 437 1589; x_wconf 87' lang='lat' dir='ltr'><strong>astra</strong></span> <span class='ocrx_word' id='word_1_91' title='bbox 468 1534 500 1591; x_wconf 86' lang='lat' dir='ltr'><strong>et</strong></span> <span class='ocrx_word' id='word_1_92' title='bbox 529 1532 634 1591; x_wconf 90' lang='lat' dir='ltr'><strong>lucida</strong></span> <span class='ocrx_word' id='word_1_93' title='bbox 657 1530 772 1592; x_wconf 91' lang='lat' dir='ltr'><strong>babent</strong></span> <span class='ocrx_word' id='word_1_94' title='bbox 793 1533 995 1592; x_wconf 88' lang='lat' dir='ltr'><strong>imitationem</strong></span> <span class='ocrx_word' id='word_1_95' title='bbox 1018 1532 1264 1610; x_wconf 86' lang='lat' dir='ltr'><strong>prophetarum:</strong></span> 
     </span>
     <span class='ocr_line' id='line_1_13' title="bbox 152 1640 1266 1717; baseline 0.003 -19"><span class='ocrx_word' id='word_1_96' title='bbox 152 1642 324 1717; x_wconf 87' lang='lat' dir='ltr'><strong>propterea</strong></span> <span class='ocrx_word' id='word_1_97' title='bbox 348 1640 442 1698; x_wconf 88' lang='lat' dir='ltr'><strong>etiam</strong></span> <span class='ocrx_word' id='word_1_98' title='bbox 465 1656 588 1700; x_wconf 86' lang='lat' dir='ltr'><strong>eorsum</strong></span> <span class='ocrx_word' id='word_1_99' title='bbox 617 1657 679 1700; x_wconf 94' lang='lat' dir='ltr'><strong>non</strong></span> <span class='ocrx_word' id='word_1_100' title='bbox 705 1642 880 1716; x_wconf 85' lang='lat' dir='ltr'><strong>inflectunt,</strong></span> <span class='ocrx_word' id='word_1_101' title='bbox 909 1659 1009 1717; x_wconf 90' lang='lat' dir='ltr'><strong>neque</strong></span> <span class='ocrx_word' id='word_1_102' title='bbox 1043 1642 1198 1703; x_wconf 88' lang='lat' dir='ltr'><strong>inlocum</strong></span> <span class='ocrx_word' id='word_1_103' title='bbox 1222 1657 1266 1702; x_wconf 84' lang='lat' dir='ltr'><strong>ex</strong></span> 
     </span>
     <span class='ocr_line' id='line_1_14' title="bbox 152 1749 1264 1828; baseline 0.002 -20"><span class='ocrx_word' id='word_1_104' title='bbox 152 1749 225 1809; x_wconf 94' lang='lat' dir='ltr'><strong>loco</strong></span> <span class='ocrx_word' id='word_1_105' title='bbox 256 1750 482 1808; x_wconf 87' lang='lat' dir='ltr'><strong>transcurrunt.</strong></span> <span class='ocrx_word' id='word_1_106' title='bbox 528 1750 614 1819; x_wconf 80' lang='lat' dir='ltr'><strong>Quae</strong></span> <span class='ocrx_word' id='word_1_107' title='bbox 645 1767 722 1810; x_wconf 88' lang='lat' dir='ltr'><strong>vero</strong></span> <span class='ocrx_word' id='word_1_108' title='bbox 751 1752 919 1811; x_wconf 89' lang='lat' dir='ltr'><strong>secundnm</strong></span> <span class='ocrx_word' id='word_1_109' title='bbox 950 1752 1140 1828; x_wconf 89' lang='lat' dir='ltr'><strong>splendoris.</strong></span> <span class='ocrx_word' id='word_1_110' title='bbox 1160 1752 1264 1811; x_wconf 88' lang='lat' dir='ltr'><strong>locum</strong></span> 
     </span>
     <span class='ocr_line' id='line_1_15' title="bbox 154 1857 1266 1935; baseline 0.001 -18"><span class='ocrx_word' id='word_1_111' title='bbox 154 1857 296 1918; x_wconf 87' lang='lat' dir='ltr'><strong>obtinent</strong></span> <span class='ocrx_word' id='word_1_112' title='bbox 317 1859 470 1934; x_wconf 85' lang='lat' dir='ltr'><strong>imagines</strong></span> <span class='ocrx_word' id='word_1_113' title='bbox 491 1861 563 1918; x_wconf 88' lang='lat' dir='ltr'><strong>sunt</strong></span> <span class='ocrx_word' id='word_1_114' title='bbox 590 1860 700 1935; x_wconf 90' lang='lat' dir='ltr'><strong>populi</strong></span> <span class='ocrx_word' id='word_1_115' title='bbox 729 1859 890 1919; x_wconf 87' lang='lat' dir='ltr'><strong>iustorum.</strong></span> <span class='ocrx_word' id='word_1_116' title='bbox 934 1859 1083 1921; x_wconf 86' lang='lat' dir='ltr'><strong>Errantia</strong></span> <span class='ocrx_word' id='word_1_117' title='bbox 1106 1861 1210 1920; x_wconf 86' lang='lat' dir='ltr'><strong>autem</strong></span> <span class='ocrx_word' id='word_1_118' title='bbox 1232 1861 1266 1919; x_wconf 87' lang='lat' dir='ltr'><strong>et</strong></span> 
     </span>
     <span class='ocr_line' id='line_1_16' title="bbox 152 1967 1275 2049; baseline 0.002 -23"><span class='ocrx_word' id='word_1_119' title='bbox 152 1967 254 2027; x_wconf 91' lang='lat' dir='ltr'><strong>locum</strong></span> <span class='ocrx_word' id='word_1_120' title='bbox 275 1983 315 2025; x_wconf 86' lang='lat' dir='ltr'><strong>ex</strong></span> <span class='ocrx_word' id='word_1_121' title='bbox 336 1968 409 2027; x_wconf 89' lang='lat' dir='ltr'><strong>loco</strong></span> <span class='ocrx_word' id='word_1_122' title='bbox 430 1969 693 2045; x_wconf 66' lang='lat' dir='ltr'><strong>mutantia-qnae</strong></span> <span class='ocrx_word' id='word_1_123' title='bbox 709 1969 802 2028; x_wconf 86' lang='lat' dir='ltr'><strong>etiam</strong></span> <span class='ocrx_word' id='word_1_124' title='bbox 819 1971 965 2049; x_wconf 90' lang='lat' dir='ltr'><strong>planetae</strong></span> <span class='ocrx_word' id='word_1_125' title='bbox 984 1971 1138 2046; x_wconf 88' lang='lat' dir='ltr'><strong>dicuntur,</strong></span> <span class='ocrx_word' id='word_1_126' title='bbox 1159 1969 1275 2045; x_wconf 77' lang='lat' dir='ltr'><strong>imago¹</strong></span> 
     </span>
     <span class='ocr_line' id='line_1_17' title="bbox 153 2078 1263 2158; baseline 0.004 -22"><span class='ocrx_word' id='word_1_127' title='bbox 153 2078 225 2136; x_wconf 89' lang='lat' dir='ltr'><strong>sunt</strong></span> <span class='ocrx_word' id='word_1_128' title='bbox 246 2093 352 2136; x_wconf 88' lang='lat' dir='ltr'><strong>eornm</strong></span> <span class='ocrx_word' id='word_1_129' title='bbox 373 2079 427 2153; x_wconf 85' lang='lat' dir='ltr'><strong>qni</strong></span> <span class='ocrx_word' id='word_1_130' title='bbox 447 2095 466 2137; x_wconf 91' lang='lat' dir='ltr'><strong>a</strong></span> <span class='ocrx_word' id='word_1_131' title='bbox 488 2079 548 2138; x_wconf 90' lang='lat' dir='ltr'><strong>deo</strong></span> <span class='ocrx_word' id='word_1_132' title='bbox 570 2078 731 2155; x_wconf 81' lang='lat' dir='ltr'><strong>deliciunt,</strong></span> <span class='ocrx_word' id='word_1_133' title='bbox 759 2080 830 2138; x_wconf 91' lang='lat' dir='ltr'><strong>dnm</strong></span> <span class='ocrx_word' id='word_1_134' title='bbox 854 2080 921 2141; x_wconf 88' lang='lat' dir='ltr'><strong>eins</strong></span> <span class='ocrx_word' id='word_1_135' title='bbox 943 2081 1047 2158; x_wconf 90' lang='lat' dir='ltr'><strong>legem</strong></span> <span class='ocrx_word' id='word_1_136' title='bbox 1070 2081 1104 2140; x_wconf 89' lang='lat' dir='ltr'><strong>et</strong></span> <span class='ocrx_word' id='word_1_137' title='bbox 1126 2093 1263 2156; x_wconf 83' lang='lat' dir='ltr'><strong>praece·</strong></span> 
     </span>
     <span class='ocr_line' id='line_1_18' title="bbox 152 2186 391 2263; baseline 0.008 -17"><span class='ocrx_word' id='word_1_138' title='bbox 152 2187 208 2263; x_wconf 85' lang='lat' dir='ltr'><strong>pta</strong></span> <span class='ocrx_word' id='word_1_139' title='bbox 230 2186 391 2248; x_wconf 86' lang='lat' dir='ltr'><strong>deserunt.</strong></span> 
     </span>
    </p>
   </div>
   <div class='ocr_carea' id='block_1_3' title="bbox 153 2476 1268 4242">
    <p class='ocr_par' dir='ltr' id='par_1_3' title="bbox 153 2476 1264 2886">
     <span class='ocr_line' id='line_1_19' title="bbox 153 2476 1264 2548; baseline -0.005 -16"><span class='ocrx_word' id='word_1_140' title='bbox 153 2477 232 2548; x_wconf 89' lang='grc' dir='ltr'><strong><em>τόπῳ</em></strong></span> <span class='ocrx_word' id='word_1_141' title='bbox 258 2494 390 2546; x_wconf 83' lang='lat' dir='ltr'><strong>perperam</strong></span> <span class='ocrx_word' id='word_1_142' title='bbox 416 2479 471 2532; x_wconf 85' lang='lat' dir='ltr'><strong>vult</strong></span> <span class='ocrx_word' id='word_1_143' title='bbox 494 2480 545 2545; x_wconf 85' lang='lat' dir='ltr'><strong>legi</strong></span> <span class='ocrx_word' id='word_1_144' title='bbox 572 2476 690 2546; x_wconf 76' lang='grc' dir='ltr'><strong><em>τετάρτη</em></strong></span> <span class='ocrx_word' id='word_1_145' title='bbox 726 2481 871 2546; x_wconf 64' lang='lat' dir='ltr'><strong>appositio:</strong></span> <span class='ocrx_word' id='word_1_146' title='bbox 890 2479 997 2548; x_wconf 83' lang='lat' dir='ltr'><strong>ideoque</strong></span> <span class='ocrx_word' id='word_1_147' title='bbox 1012 2479 1093 2530; x_wconf 89' lang='lat' dir='ltr'><strong>omisi.</strong></span> <span class='ocrx_word' id='word_1_148' title='bbox 1120 2477 1203 2530; x_wconf 85' lang='lat' dir='ltr'><strong>Etiam</strong></span> <span class='ocrx_word' id='word_1_149' title='bbox 1218 2490 1264 2527; x_wconf 87' lang='lat' dir='ltr'><strong>eu-</strong></span> 
     </span>
     <span class='ocr_line' id='line_1_20' title="bbox 154 2553 1264 2632; baseline -0.007 -14"><span class='ocrx_word' id='word_1_150' title='bbox 154 2561 185 2618; x_wconf 70' lang='grc' dir='ltr'><strong>δὲ</strong></span> <span class='ocrx_word' id='word_1_151' title='bbox 211 2561 285 2617; x_wconf 74' lang='grc' dir='ltr'><strong><em>ἐστὶν</em></strong></span> <span class='ocrx_word' id='word_1_152' title='bbox 313 2557 480 2630; x_wconf 72' lang='grc' dir='ltr'><strong><em>ἅνθρωπος,</em></strong></span> <span class='ocrx_word' id='word_1_153' title='bbox 506 2567 603 2630; x_wconf 83' lang='lat' dir='ltr'><strong>qcortc</strong></span> <span class='ocrx_word' id='word_1_154' title='bbox 626 2579 690 2616; x_wconf 84' lang='lat' dir='ltr'><strong>vere</strong></span> <span class='ocrx_word' id='word_1_155' title='bbox 726 2579 770 2630; x_wconf 88' lang='lat' dir='ltr'><strong>pra</strong></span> <span class='ocrx_word' id='word_1_156' title='bbox 792 2565 864 2615; x_wconf 87' lang='lat' dir='ltr'><strong>initio</strong></span> <span class='ocrx_word' id='word_1_157' title='bbox 883 2564 958 2615; x_wconf 88' lang='lat' dir='ltr'><strong>buius</strong></span> <span class='ocrx_word' id='word_1_158' title='bbox 983 2578 1054 2632; x_wconf 82' lang='lat' dir='ltr'><strong>cap:</strong></span> <span class='ocrx_word' id='word_1_159' title='bbox 1084 2556 1211 2628; x_wconf 75' lang='grc' dir='ltr'><em>Τετάρτῃ</em></span> <span class='ocrx_word' id='word_1_160' title='bbox 1230 2553 1264 2626; x_wconf 78' lang='grc' dir='ltr'><strong><em>τ]-</em></strong></span> 
     </span>
     <span class='ocr_line' id='line_1_21' title="bbox 154 2644 1166 2718; baseline -0.007 -17"><span class='ocrx_word' id='word_1_161' title='bbox 154 2652 210 2702; x_wconf 85' lang='lat' dir='ltr'><strong>dies</strong></span> <span class='ocrx_word' id='word_1_162' title='bbox 236 2652 276 2700; x_wconf 86' lang='lat' dir='ltr'><strong>est</strong></span> <span class='ocrx_word' id='word_1_163' title='bbox 300 2650 387 2699; x_wconf 87' lang='lat' dir='ltr'><strong>bomo.</strong></span> <span class='ocrx_word' id='word_1_164' title='bbox 423 2649 505 2700; x_wconf 84' lang='lat' dir='ltr'><strong>Etiam</strong></span> <span class='ocrx_word' id='word_1_165' title='bbox 524 2649 623 2698; x_wconf 82' lang='lat' dir='ltr'><strong>Maroni</strong></span> <span class='ocrx_word' id='word_1_166' title='bbox 648 2662 691 2699; x_wconf 84' lang='lat' dir='ltr'><strong>re·</strong></span> <span class='ocrx_word' id='word_1_167' title='bbox 725 2645 797 2718; x_wconf 76' lang='grc' dir='ltr'><strong><em>μόρᾳ</em></strong></span> <span class='ocrx_word' id='word_1_168' title='bbox 818 2644 945 2714; x_wconf 76' lang='grc' dir='ltr'><strong><em>ἐγένοντο</em></strong></span> <span class='ocrx_word' id='word_1_169' title='bbox 966 2646 992 2699; x_wconf 89' lang='lat' dir='ltr'><strong>ol</strong></span> <span class='ocrx_word' id='word_1_170' title='bbox 1012 2646 1166 2712; x_wconf 79' lang='grc' dir='ltr'><strong><em>φωστῆρες.</em></strong></span> 
     </span>
     <span class='ocr_line' id='line_1_22' title="bbox 153 2723 1262 2802; baseline -0.005 -16"><span class='ocrx_word' id='word_1_171' title='bbox 153 2734 282 2802; x_wconf 87' lang='lat' dir='ltr'><strong>probanda</strong></span> <span class='ocrx_word' id='word_1_172' title='bbox 301 2739 341 2785; x_wconf 80' lang='lat' dir='ltr'><strong>est</strong></span> <span class='ocrx_word' id='word_1_173' title='bbox 360 2735 515 2795; x_wconf 85' lang='lat' dir='ltr'><strong>coniectura,</strong></span> <span class='ocrx_word' id='word_1_174' title='bbox 534 2749 606 2799; x_wconf 88' lang='lat' dir='ltr'><strong>qnam</strong></span> <span class='ocrx_word' id='word_1_175' title='bbox 626 2734 691 2784; x_wconf 88' lang='lat' dir='ltr'><strong>Dan.</strong></span> <span class='ocrx_word' id='word_1_176' title='bbox 797 2732 837 2784; x_wconf 89' lang='grc'><strong>13.</strong></span> <span class='ocrx_word' id='word_1_177' title='bbox 856 2731 891 2784; x_wconf 85' lang='lat' dir='ltr'><strong>Oi</strong></span> <span class='ocrx_word' id='word_1_178' title='bbox 906 2729 958 2798; x_wconf 78' lang='lat' dir='ltr'><strong>peip</strong></span> <span class='ocrx_word' id='word_1_179' title='bbox 975 2729 1121 2798; x_wconf 77' lang='grc' dir='ltr'><strong><em>ἐπιφανεῖς</em></strong></span> <span class='ocrx_word' id='word_1_180' title='bbox 1137 2723 1262 2793; x_wconf 73' lang='grc' dir='ltr'><strong><em>ἀστέρες]</em></strong></span> 
     </span>
     <span class='ocr_line' id='line_1_23' title="bbox 153 2815 1048 2886; baseline -0.004 -13"><span class='ocrx_word' id='word_1_181' title='bbox 153 2836 178 2873; x_wconf 82' lang='lat' dir='ltr'><strong>v.</strong></span> <span class='ocrx_word' id='word_1_182' title='bbox 193 2819 283 2872; x_wconf 82' lang='lat' dir='ltr'><strong>Goelln</strong></span> <span class='ocrx_word' id='word_1_183' title='bbox 302 2819 536 2886; x_wconf 69' lang='lat' dir='ltr'><strong>(Minacber&#39;s</strong></span> <span class='ocrx_word' id='word_1_184' title='bbox 554 2817 648 2870; x_wconf 82' lang='lat' dir='ltr'><strong>Lebrb.</strong></span> <span class='ocrx_word' id='word_1_185' title='bbox 666 2819 691 2869; x_wconf 87' lang='lat' dir='ltr'><strong>d.</strong></span> <span class='ocrx_word' id='word_1_186' title='bbox 728 2819 852 2882; x_wconf 83' lang='lat' dir='ltr'><strong>Designat</strong></span> <span class='ocrx_word' id='word_1_187' title='bbox 870 2818 956 2868; x_wconf 86' lang='lat' dir='ltr'><strong>stelles</strong></span> <span class='ocrx_word' id='word_1_188' title='bbox 976 2815 1048 2869; x_wconf 84' lang='lat' dir='ltr'><strong>fixas.</strong></span> 
     </span>
    </p>

    <p class='ocr_par' dir='ltr' id='par_1_4' title="bbox 154 2898 1266 3224">
     <span class='ocr_line' id='line_1_24' title="bbox 154 2898 1266 2970; baseline -0.006 -14"><span class='ocrx_word' id='word_1_189' title='bbox 154 2905 211 2956; x_wconf 81' lang='lat' dir='ltr'><strong>cbr.</strong></span> <span class='ocrx_word' id='word_1_190' title='bbox 225 2905 433 2970; x_wconf 81' lang='lat' dir='ltr'><strong>Dopmanpescb.</strong></span> <span class='ocrx_word' id='word_1_191' title='bbox 454 2903 482 2953; x_wconf 89' lang='lat' dir='ltr'><strong>P.</strong></span> <span class='ocrx_word' id='word_1_192' title='bbox 494 2903 515 2953; x_wconf 94' lang='lat' dir='ltr'><strong>l.</strong></span> <span class='ocrx_word' id='word_1_193' title='bbox 529 2917 553 2970; x_wconf 92' lang='lat' dir='ltr'><strong>p.</strong></span> <span class='ocrx_word' id='word_1_194' title='bbox 567 2901 630 2965; x_wconf 86' lang='grc'><strong>171)</strong></span> <span class='ocrx_word' id='word_1_195' title='bbox 648 2917 692 2953; x_wconf 87' lang='lat' dir='ltr'><strong>re·</strong></span> <span class='ocrx_word' id='word_1_196' title='bbox 796 2903 837 2955; x_wconf 86' lang='grc'><strong>14.</strong></span> <span class='ocrx_word' id='word_1_197' title='bbox 857 2901 908 2970; x_wconf 81' lang='grc' dir='ltr'><strong><em>εἰς]</em></strong></span> <span class='ocrx_word' id='word_1_198' title='bbox 928 2901 1094 2952; x_wconf 89' lang='lat' dir='ltr'><strong>Desideratnr</strong></span> <span class='ocrx_word' id='word_1_199' title='bbox 1112 2898 1138 2950; x_wconf 94' lang='lat' dir='ltr'><strong>in</strong></span> <span class='ocrx_word' id='word_1_200' title='bbox 1155 2899 1219 2950; x_wconf 76' lang='lat' dir='ltr'><strong>len.</strong></span> <span class='ocrx_word' id='word_1_201' title='bbox 1238 2899 1266 2949; x_wconf 84' lang='lat' dir='ltr'><strong>et</strong></span> 
     </span>
     <span class='ocr_line' id='line_1_25' title="bbox 154 2983 1264 3058; baseline -0.007 -17"><span class='ocrx_word' id='word_1_202' title='bbox 154 2991 232 3058; x_wconf 84' lang='lat' dir='ltr'><strong>cepit,</strong></span> <span class='ocrx_word' id='word_1_203' title='bbox 250 2983 372 3057; x_wconf 78' lang='grc' dir='ltr'><strong><em>τετάρτῳ</em></strong></span> <span class='ocrx_word' id='word_1_204' title='bbox 393 2984 422 3038; x_wconf 72' lang='lat' dir='ltr'><strong>ei</strong></span> <span class='ocrx_word' id='word_1_205' title='bbox 441 2983 545 3056; x_wconf 82' lang='grc' dir='ltr'><strong><em>τόπῳ.</em></strong></span> <span class='ocrx_word' id='word_1_206' title='bbox 576 2986 692 3053; x_wconf 85' lang='lat' dir='ltr'><strong>Scriptu—</strong></span> <span class='ocrx_word' id='word_1_207' title='bbox 728 2988 800 3039; x_wconf 90' lang='lat' dir='ltr'><strong>Bodl.</strong></span> <span class='ocrx_word' id='word_1_208' title='bbox 819 2988 904 3040; x_wconf 83' lang='lat' dir='ltr'><strong>Facile</strong></span> <span class='ocrx_word' id='word_1_209' title='bbox 918 2985 1013 3038; x_wconf 80' lang='lat' dir='ltr'><strong>excidit</strong></span> <span class='ocrx_word' id='word_1_210' title='bbox 1025 2986 1057 3037; x_wconf 88' lang='lat' dir='ltr'><strong>ob</strong></span> <span class='ocrx_word' id='word_1_211' title='bbox 1070 2984 1177 3037; x_wconf 89' lang='lat' dir='ltr'><strong>similem</strong></span> <span class='ocrx_word' id='word_1_212' title='bbox 1188 2996 1264 3052; x_wconf 89' lang='lat' dir='ltr'><strong>prae·</strong></span> 
     </span>
     <span class='ocr_line' id='line_1_26' title="bbox 155 3070 1162 3138; baseline -0.004 -13"><span class='ocrx_word' id='word_1_213' title='bbox 155 3088 208 3125; x_wconf 89' lang='lat' dir='ltr'><strong>ram</strong></span> <span class='ocrx_word' id='word_1_214' title='bbox 233 3073 361 3138; x_wconf 80' lang='lat' dir='ltr'><strong>vulgatam</strong></span> <span class='ocrx_word' id='word_1_215' title='bbox 387 3071 584 3137; x_wconf 84' lang='lat' dir='ltr'><strong>interpreteris:</strong></span> <span class='ocrx_word' id='word_1_216' title='bbox 617 3070 692 3136; x_wconf 89' lang='lat' dir='ltr'><strong>„dem</strong></span> <span class='ocrx_word' id='word_1_217' title='bbox 728 3073 842 3126; x_wconf 82' lang='lat' dir='ltr'><strong>cedentis</strong></span> <span class='ocrx_word' id='word_1_218' title='bbox 862 3074 932 3125; x_wconf 84' lang='lat' dir='ltr'><strong>vocis</strong></span> <span class='ocrx_word' id='word_1_219' title='bbox 950 3071 1073 3138; x_wconf 82' lang='lat' dir='ltr'><strong>syllabam</strong></span> <span class='ocrx_word' id='word_1_220' title='bbox 1090 3086 1162 3129; x_wconf 75' lang='grc' dir='ltr'><strong><em>-τς,</em></strong></span> 
     </span>
     <span class='ocr_line' id='line_1_27' title="bbox 154 3152 1167 3224; baseline -0.002 -15"><span class='ocrx_word' id='word_1_221' title='bbox 154 3159 253 3210; x_wconf 81' lang='lat' dir='ltr'><strong>vierten</strong></span> <span class='ocrx_word' id='word_1_222' title='bbox 281 3158 366 3223; x_wconf 84' lang='lat' dir='ltr'><strong>Typus</strong></span> <span class='ocrx_word' id='word_1_223' title='bbox 396 3157 488 3222; x_wconf 79' lang='lat' dir='ltr'><strong>gehirl</strong></span> <span class='ocrx_word' id='word_1_224' title='bbox 515 3156 561 3207; x_wconf 90' lang='lat' dir='ltr'><strong>der</strong></span> <span class='ocrx_word' id='word_1_225' title='bbox 587 3156 693 3208; x_wconf 84' lang='lat' dir='ltr'><strong>biensch</strong></span> <span class='ocrx_word' id='word_1_226' title='bbox 797 3160 838 3212; x_wconf 80' lang='lat'><strong>15.</strong></span> <span class='ocrx_word' id='word_1_227' title='bbox 858 3157 940 3224; x_wconf 82' lang='grc' dir='ltr'><strong><em>εἰσλν]</em></strong></span> <span class='ocrx_word' id='word_1_228' title='bbox 960 3157 1085 3221; x_wconf 89' lang='lat' dir='ltr'><strong>Humphr.</strong></span> <span class='ocrx_word' id='word_1_229' title='bbox 1105 3152 1167 3207; x_wconf 81' lang='grc' dir='ltr'><strong><em>εἰσλ.</em></strong></span> 
     </span>
    </p>

    <p class='ocr_par' dir='ltr' id='par_1_5' title="bbox 155 3239 1266 3481">
     <span class='ocr_line' id='line_1_28' title="bbox 156 3239 1266 3311; baseline -0.004 -17"><span class='ocrx_word' id='word_1_230' title='bbox 156 3242 218 3294; x_wconf 85' lang='lat' dir='ltr'><strong>an.“</strong></span> <span class='ocrx_word' id='word_1_231' title='bbox 253 3241 362 3309; x_wconf 89' lang='lat' dir='ltr'><strong>Siquid</strong></span> <span class='ocrx_word' id='word_1_232' title='bbox 383 3239 544 3305; x_wconf 84' lang='lat' dir='ltr'><strong>mutandum,</strong></span> <span class='ocrx_word' id='word_1_233' title='bbox 569 3241 692 3293; x_wconf 87' lang='lat' dir='ltr'><strong>nilmuta</strong></span> <span class='ocrx_word' id='word_1_234' title='bbox 796 3241 838 3296; x_wconf 75' lang='lat'><strong>16.</strong></span> <span class='ocrx_word' id='word_1_235' title='bbox 863 3242 964 3311; x_wconf 87' lang='grc' dir='ltr'><strong><em>τόπον]</em></strong></span> <span class='ocrx_word' id='word_1_236' title='bbox 990 3242 1057 3294; x_wconf 86' lang='lat' dir='ltr'><strong>Feli.</strong></span> <span class='ocrx_word' id='word_1_237' title='bbox 1082 3246 1107 3293; x_wconf 89' lang='lat' dir='ltr'><strong>et</strong></span> <span class='ocrx_word' id='word_1_238' title='bbox 1131 3239 1207 3292; x_wconf 82' lang='lat' dir='ltr'><strong>Wolf.</strong></span> <span class='ocrx_word' id='word_1_239' title='bbox 1232 3252 1266 3290; x_wconf 84' lang='lat' dir='ltr'><strong>ex</strong></span> 
     </span>
     <span class='ocr_line' id='line_1_29' title="bbox 155 3318 1265 3394; baseline -0.004 -15"><span class='ocrx_word' id='word_1_240' title='bbox 155 3327 205 3380; x_wconf 87' lang='lat' dir='ltr'><strong>nisi</strong></span> <span class='ocrx_word' id='word_1_241' title='bbox 222 3321 345 3394; x_wconf 75' lang='grc' dir='ltr'><strong><em>τετάρτῳ</em></strong></span> <span class='ocrx_word' id='word_1_242' title='bbox 365 3328 391 3376; x_wconf 91' lang='lat' dir='ltr'><strong>in</strong></span> <span class='ocrx_word' id='word_1_243' title='bbox 409 3320 527 3392; x_wconf 78' lang='grc' dir='ltr'><strong><em>τετάρτῃ</em></strong></span> <span class='ocrx_word' id='word_1_244' title='bbox 552 3326 607 3377; x_wconf 86' lang='lat' dir='ltr'><strong>scil.</strong></span> <span class='ocrx_word' id='word_1_245' title='bbox 626 3319 693 3391; x_wconf 81' lang='grc' dir='ltr'><strong>ἡμέ-</strong></span> <span class='ocrx_word' id='word_1_246' title='bbox 728 3344 796 3381; x_wconf 88' lang='lat' dir='ltr'><strong>rnere</strong></span> <span class='ocrx_word' id='word_1_247' title='bbox 822 3330 968 3382; x_wconf 86' lang='lat' dir='ltr'><strong>coniectura</strong></span> <span class='ocrx_word' id='word_1_248' title='bbox 995 3326 1130 3380; x_wconf 87' lang='lat' dir='ltr'><strong>ediderunt</strong></span> <span class='ocrx_word' id='word_1_249' title='bbox 1153 3323 1193 3386; x_wconf 78' lang='grc' dir='ltr'><strong>εἰς</strong></span> <span class='ocrx_word' id='word_1_250' title='bbox 1216 3318 1265 3375; x_wconf 85' lang='grc' dir='ltr'><strong><em>τό·</em></strong></span> 
     </span>
     <span class='ocr_line' id='line_1_30' title="bbox 156 3408 791 3481; baseline -0.005 -18"><span class='ocrx_word' id='word_1_251' title='bbox 156 3428 201 3481; x_wconf 83' lang='grc' dir='ltr'><strong>ρῳ,</strong></span> <span class='ocrx_word' id='word_1_252' title='bbox 219 3414 246 3463; x_wconf 85' lang='lat' dir='ltr'><strong>et</strong></span> <span class='ocrx_word' id='word_1_253' title='bbox 262 3411 347 3478; x_wconf 85' lang='lat' dir='ltr'><strong>accipe</strong></span> <span class='ocrx_word' id='word_1_254' title='bbox 365 3410 418 3461; x_wconf 85' lang='lat' dir='ltr'><strong>sic:</strong></span> <span class='ocrx_word' id='word_1_255' title='bbox 437 3413 545 3475; x_wconf 81' lang='lat' dir='ltr'><strong>„quarto</strong></span> <span class='ocrx_word' id='word_1_256' title='bbox 561 3408 611 3461; x_wconf 90' lang='lat' dir='ltr'><strong>diei</strong></span> <span class='ocrx_word' id='word_1_257' title='bbox 627 3414 693 3461; x_wconf 80' lang='lat' dir='ltr'><strong>tam·</strong></span> <span class='ocrx_word' id='word_1_258' title='bbox 727 3431 791 3466; x_wconf 75' lang='grc' dir='ltr'><strong><em>πον.</em></strong></span> 
     </span>
    </p>

    <p class='ocr_par' dir='ltr' id='par_1_6' title="bbox 156 3491 1266 3647">
     <span class='ocr_line' id='line_1_31' title="bbox 157 3491 1266 3564; baseline -0.003 -18"><span class='ocrx_word' id='word_1_259' title='bbox 157 3510 230 3564; x_wconf 86' lang='lat' dir='ltr'><strong>qnam</strong></span> <span class='ocrx_word' id='word_1_260' title='bbox 255 3499 315 3560; x_wconf 82' lang='lat' dir='ltr'><strong>typo</strong></span> <span class='ocrx_word' id='word_1_261' title='bbox 342 3492 480 3560; x_wconf 87' lang='lat' dir='ltr'><strong>respondet</strong></span> <span class='ocrx_word' id='word_1_262' title='bbox 501 3494 605 3545; x_wconf 86' lang='lat' dir='ltr'><strong>bomo.“</strong></span> <span class='ocrx_word' id='word_1_263' title='bbox 640 3493 694 3546; x_wconf 83' lang='lat' dir='ltr'><strong>Ar·</strong></span> <span class='ocrx_word' id='word_1_264' title='bbox 797 3497 838 3549; x_wconf 81' lang='lat'><strong>17.</strong></span> <span class='ocrx_word' id='word_1_265' title='bbox 852 3491 999 3563; x_wconf 67' lang='lat' dir='ltr'><strong>eicientes]</strong></span> <span class='ocrx_word' id='word_1_266' title='bbox 1012 3495 1142 3547; x_wconf 83' lang='lat' dir='ltr'><strong>Vocantur</strong></span> <span class='ocrx_word' id='word_1_267' title='bbox 1151 3493 1178 3546; x_wconf 87' lang='lat' dir='ltr'><strong>in</strong></span> <span class='ocrx_word' id='word_1_268' title='bbox 1189 3492 1266 3563; x_wconf 86' lang='lat' dir='ltr'><strong>epist.</strong></span> 
     </span>
     <span class='ocr_line' id='line_1_32' title="bbox 156 3577 1156 3647; baseline -0.002 -15"><span class='ocrx_word' id='word_1_269' title='bbox 156 3582 241 3647; x_wconf 85' lang='lat' dir='ltr'><strong>gulius</strong></span> <span class='ocrx_word' id='word_1_270' title='bbox 260 3594 333 3647; x_wconf 88' lang='lat' dir='ltr'><strong>quam</strong></span> <span class='ocrx_word' id='word_1_271' title='bbox 347 3580 433 3630; x_wconf 83' lang='lat' dir='ltr'><strong>verius</strong></span> <span class='ocrx_word' id='word_1_272' title='bbox 448 3580 514 3630; x_wconf 86' lang='lat' dir='ltr'><strong>hunc</strong></span> <span class='ocrx_word' id='word_1_273' title='bbox 529 3579 611 3631; x_wconf 84' lang='lat' dir='ltr'><strong>locum</strong></span> <span class='ocrx_word' id='word_1_274' title='bbox 624 3579 694 3630; x_wconf 87' lang='lat' dir='ltr'><strong>Bnu-</strong></span> <span class='ocrx_word' id='word_1_275' title='bbox 728 3582 806 3639; x_wconf 88' lang='lat' dir='ltr'><strong>iudae</strong></span> <span class='ocrx_word' id='word_1_276' title='bbox 825 3581 858 3634; x_wconf 81' lang='lat'><strong>13</strong></span> <span class='ocrx_word' id='word_1_277' title='bbox 875 3577 988 3646; x_wconf 66' lang='lat' dir='ltr'><strong>circipani</strong></span> <span class='ocrx_word' id='word_1_278' title='bbox 1005 3579 1156 3646; x_wconf 76' lang='grc' dir='ltr'><strong><em>πλανῆται.</em></strong></span> 
     </span>
    </p>

    <p class='ocr_par' dir='ltr' id='par_1_7' title="bbox 155 3661 1265 3818">
     <span class='ocr_line' id='line_1_33' title="bbox 155 3661 1265 3734; baseline -0.003 -17"><span class='ocrx_word' id='word_1_279' title='bbox 155 3681 200 3717; x_wconf 91' lang='lat' dir='ltr'><strong>rus</strong></span> <span class='ocrx_word' id='word_1_280' title='bbox 213 3665 348 3731; x_wconf 83' lang='lat' dir='ltr'><strong>explicuit:</strong></span> <span class='ocrx_word' id='word_1_281' title='bbox 365 3664 418 3715; x_wconf 83' lang='lat' dir='ltr'><strong>Dic</strong></span> <span class='ocrx_word' id='word_1_282' title='bbox 431 3665 531 3716; x_wconf 79' lang='lat' dir='ltr'><strong>ebriati.</strong></span> <span class='ocrx_word' id='word_1_283' title='bbox 546 3664 632 3717; x_wconf 85' lang='lat' dir='ltr'><strong>Lebre</strong></span> <span class='ocrx_word' id='word_1_284' title='bbox 642 3680 694 3716; x_wconf 86' lang='lat' dir='ltr'><strong>oon</strong></span> <span class='ocrx_word' id='word_1_285' title='bbox 797 3666 839 3718; x_wconf 87' lang='grc'><strong>18.</strong></span> <span class='ocrx_word' id='word_1_286' title='bbox 865 3661 1063 3734; x_wconf 76' lang='grc' dir='ltr'><strong><em>τυγχάνουσιν]</em></strong></span> <span class='ocrx_word' id='word_1_287' title='bbox 1091 3664 1171 3731; x_wconf 83' lang='lat' dir='ltr'><strong>Ven.;</strong></span> <span class='ocrx_word' id='word_1_288' title='bbox 1197 3661 1265 3730; x_wconf 82' lang='lat' dir='ltr'><strong>vulg.</strong></span> 
     </span>
     <span class='ocr_line' id='line_1_34' title="bbox 156 3748 867 3818; baseline 0.001 -17"><span class='ocrx_word' id='word_1_289' title='bbox 156 3752 204 3803; x_wconf 82' lang='lat' dir='ltr'><strong>der</strong></span> <span class='ocrx_word' id='word_1_290' title='bbox 220 3750 415 3817; x_wconf 74' lang='lat' dir='ltr'><strong>Dreieinipkeit</strong></span> <span class='ocrx_word' id='word_1_291' title='bbox 434 3749 463 3800; x_wconf 85' lang='grc' dir='ltr'><strong>Ρ.</strong></span> <span class='ocrx_word' id='word_1_292' title='bbox 478 3749 498 3800; x_wconf 90' lang='lat' dir='ltr'><strong>l.</strong></span> <span class='ocrx_word' id='word_1_293' title='bbox 519 3763 544 3813; x_wconf 87' lang='lat' dir='ltr'><strong>p.</strong></span> <span class='ocrx_word' id='word_1_294' title='bbox 558 3748 615 3799; x_wconf 80' lang='lat'>182.</span> <span class='ocrx_word' id='word_1_295' title='bbox 729 3752 824 3818; x_wconf 86' lang='lat' dir='ltr'><strong>absque</strong></span> <span class='ocrx_word' id='word_1_296' title='bbox 843 3769 867 3803; x_wconf 88' lang='grc' dir='ltr'><strong>ν.</strong></span> 
     </span>
    </p>

    <p class='ocr_par' dir='ltr' id='par_1_8' title="bbox 157 3828 1268 4242">
     <span class='ocr_line' id='line_1_35' title="bbox 226 3828 1267 3901; baseline -0.002 -18"><span class='ocrx_word' id='word_1_297' title='bbox 226 3835 267 3886; x_wconf 81' lang='grc'><strong>12.</strong></span> <span class='ocrx_word' id='word_1_298' title='bbox 295 3830 480 3901; x_wconf 75' lang='grc' dir='ltr'><strong><em>ἐγενήθησαν]</em></strong></span> <span class='ocrx_word' id='word_1_299' title='bbox 520 3832 583 3883; x_wconf 85' lang='lat' dir='ltr'><strong>Ven.</strong></span> <span class='ocrx_word' id='word_1_300' title='bbox 609 3832 695 3898; x_wconf 80' lang='lat' dir='ltr'><strong>bodl,</strong></span> <span class='ocrx_word' id='word_1_301' title='bbox 799 3835 841 3888; x_wconf 83' lang='lat'><strong>19.</strong></span> <span class='ocrx_word' id='word_1_302' title='bbox 872 3831 1096 3901; x_wconf 76' lang='grc' dir='ltr'><strong><em>καταλιπόντων]</em></strong></span> <span class='ocrx_word' id='word_1_303' title='bbox 1127 3828 1267 3886; x_wconf 85' lang='lat' dir='ltr'><strong>Recentlor</strong></span> 
     </span>
     <span class='ocr_line' id='line_1_36' title="bbox 158 3909 1266 3988; baseline -0.002 -18"><span class='ocrx_word' id='word_1_304' title='bbox 158 3917 224 3971; x_wconf 77' lang='lat' dir='ltr'><strong>Feli.</strong></span> <span class='ocrx_word' id='word_1_305' title='bbox 239 3919 314 3970; x_wconf 88' lang='lat' dir='ltr'><strong>Woli.</strong></span> <span class='ocrx_word' id='word_1_306' title='bbox 342 3917 442 3970; x_wconf 78' lang='lat' dir='ltr'><strong>caeleri</strong></span> <span class='ocrx_word' id='word_1_307' title='bbox 461 3915 532 3967; x_wconf 86' lang='lat' dir='ltr'><strong>editt.</strong></span> <span class='ocrx_word' id='word_1_308' title='bbox 546 3912 697 3985; x_wconf 76' lang='grc' dir='ltr'><strong><em>ἐγεννήθη·</em></strong></span> <span class='ocrx_word' id='word_1_309' title='bbox 732 3936 819 3973; x_wconf 87' lang='lat' dir='ltr'><strong>manus</strong></span> <span class='ocrx_word' id='word_1_310' title='bbox 838 3922 864 3973; x_wconf 90' lang='lat' dir='ltr'><strong>in</strong></span> <span class='ocrx_word' id='word_1_311' title='bbox 882 3937 961 3988; x_wconf 81' lang='lat' dir='ltr'><strong>marg.</strong></span> <span class='ocrx_word' id='word_1_312' title='bbox 980 3919 1052 3973; x_wconf 87' lang='lat' dir='ltr'><strong>Bodl.</strong></span> <span class='ocrx_word' id='word_1_313' title='bbox 1073 3917 1207 3984; x_wconf 85' lang='lat' dir='ltr'><strong>adscripsit</strong></span> <span class='ocrx_word' id='word_1_314' title='bbox 1224 3909 1266 3968; x_wconf 80' lang='lat' dir='ltr'><strong>ni.</strong></span> 
     </span>
     <span class='ocr_line' id='line_1_37' title="bbox 159 3998 1268 4074; baseline -0.005 -19"><span class='ocrx_word' id='word_1_315' title='bbox 159 4018 220 4055; x_wconf 79' lang='grc' dir='ltr'><strong><em>σαν.</em></strong></span> <span class='ocrx_word' id='word_1_316' title='bbox 246 4003 342 4056; x_wconf 86' lang='lat' dir='ltr'><strong>Omnes</strong></span> <span class='ocrx_word' id='word_1_317' title='bbox 361 4002 432 4054; x_wconf 85' lang='lat' dir='ltr'><strong>editt.</strong></span> <span class='ocrx_word' id='word_1_318' title='bbox 447 4002 481 4072; x_wconf 79' lang='grc' dir='ltr'><strong><em>τῇ</em></strong></span> <span class='ocrx_word' id='word_1_319' title='bbox 501 4001 603 4068; x_wconf 79' lang='lat' dir='ltr'><strong>(bodl.)</strong></span> <span class='ocrx_word' id='word_1_320' title='bbox 623 4016 698 4069; x_wconf 84' lang='lat' dir='ltr'><strong>prae·</strong></span> <span class='ocrx_word' id='word_1_321' title='bbox 732 4004 794 4058; x_wconf 91' lang='lat' dir='ltr'><strong>lndc</strong></span> <span class='ocrx_word' id='word_1_322' title='bbox 815 3998 891 4060; x_wconf 59' lang='lat' dir='ltr'><strong>Wolf,</strong></span> <span class='ocrx_word' id='word_1_323' title='bbox 906 4006 1040 4074; x_wconf 80' lang='lat' dir='ltr'><strong>legendnm</strong></span> <span class='ocrx_word' id='word_1_324' title='bbox 1058 4003 1168 4058; x_wconf 80' lang='lat' dir='ltr'><strong>coniecit</strong></span> <span class='ocrx_word' id='word_1_325' title='bbox 1180 4016 1268 4052; x_wconf 82' lang='grc' dir='ltr'><strong><em>κατα-</em></strong></span> 
     </span>
     <span class='ocr_line' id='line_1_38' title="bbox 157 4082 1267 4156; baseline -0.004 -16"><span class='ocrx_word' id='word_1_326' title='bbox 157 4082 464 4155; x_wconf 77' lang='grc' dir='ltr'><strong><em>ιτλλλααλνοτὶτττάρτῃ.</em></strong></span> <span class='ocrx_word' id='word_1_327' title='bbox 485 4085 536 4138; x_wconf 90' lang='lat' dir='ltr'><strong>Sed</strong></span> <span class='ocrx_word' id='word_1_328' title='bbox 550 4087 698 4156; x_wconf 64' lang='lat' dir='ltr'><strong>abestvpia</strong></span> <span class='ocrx_word' id='word_1_329' title='bbox 733 4087 872 4144; x_wconf 74' lang='grc' dir='ltr'><strong><em>λιπόντων</em></strong></span> <span class='ocrx_word' id='word_1_330' title='bbox 898 4109 936 4146; x_wconf 79' lang='grc' dir='ltr'><strong>τε.</strong></span> <span class='ocrx_word' id='word_1_331' title='bbox 979 4090 1032 4144; x_wconf 86' lang='lat' dir='ltr'><strong>Sed</strong></span> <span class='ocrx_word' id='word_1_332' title='bbox 1060 4088 1163 4154; x_wconf 76' lang='lat' dir='ltr'><strong>vulgata</strong></span> <span class='ocrx_word' id='word_1_333' title='bbox 1190 4083 1267 4138; x_wconf 81' lang='lat' dir='ltr'><strong>lecito</strong></span> 
     </span>
     <span class='ocr_line' id='line_1_39' title="bbox 159 4173 878 4242; baseline 0.006 -18"><span class='ocrx_word' id='word_1_334' title='bbox 159 4174 225 4226; x_wconf 76' lang='lat' dir='ltr'><strong>ven.</strong></span> <span class='ocrx_word' id='word_1_335' title='bbox 245 4173 357 4239; x_wconf 80' lang='lat' dir='ltr'><strong>(demum</strong></span> <span class='ocrx_word' id='word_1_336' title='bbox 371 4176 501 4226; x_wconf 86' lang='lat' dir='ltr'><strong>corrector</strong></span> <span class='ocrx_word' id='word_1_337' title='bbox 514 4186 590 4242; x_wconf 87' lang='lat' dir='ltr'><strong>snpra</strong></span> <span class='ocrx_word' id='word_1_338' title='bbox 605 4173 698 4227; x_wconf 86' lang='lat' dir='ltr'><strong>lineam</strong></span> <span class='ocrx_word' id='word_1_339' title='bbox 732 4176 812 4242; x_wconf 88' lang='lat' dir='ltr'><strong>proba</strong></span> <span class='ocrx_word' id='word_1_340' title='bbox 829 4181 878 4230; x_wconf 85' lang='lat' dir='ltr'><strong>est.</strong></span> 
     </span>
    </p>
   </div>
   <div class='ocr_carea' id='block_1_4' title="bbox 0 0 1424 4852">
    <p class='ocr_par' dir='ltr' id='par_1_9' title="bbox 0 0 1424 4852">
     <span class='ocr_line' id='line_1_40' title="bbox 0 0 1424 4852; baseline 0 0"><span class='ocrx_word' id='word_1_341' title='bbox 0 0 1424 4852; x_wconf 95' lang='lat' dir='ltr'><strong> </strong></span> 
     </span>
    </p>
   </div>
  </div>
 </body>
</html>
