2836 4852
223 310 314 360 xvm
584 284 970 359 Pnonneontnrtn.

224 493 479 563 nonnunquam
503 503 516 540 ι
537 501 603 563 ειη
628 477 689 545 vel
713 501 729 542 e
750 481 786 544 et
809 502 845 541 m
869 472 1086 566 permiscet,
1121 472 1344 564 frequenter

80 678 84 683 ‚
222 628 244 670 ν
276 601 375 689 quod
421 598 555 668 dicitur
586 601 815 688 ἐφελκυστικὸν
849 603 935 667 1011
981 618 1164 669 consonas
1200 601 1343 672 retinet

224 725 361 813 (adeas
390 744 485 811 quae
511 723 560 792 ad
586 721 849 810 Athenagorae
876 723 1037 813 supplic.
1063 745 1093 794 c.
1121 727 1155 793 1.
1182 746 1215 795 u.
1242 727 1339 796 211.

223 849 441 941 observavi,
476 848 559 916 coll.
588 845 917 917 Tischendori.
943 848 1117 939 Prolegg.
1142 853 1191 919 ad
1216 849 1265 920 N.
1295 851 1339 921 Τ.

223 975 280 1042 ed.
306 977 339 1042 7.
366 973 448 1042 mai.
483 971 719 1059 Lips.1859.
747 991 781 1059 p.
807 969 889 1039 Llli
920 980 957 1042 et
985 973 1052 1042 Al.
1076 974 1337 1045 Buttmann.

224 1098 386 1167 Gramm.
418 1098 454 1164 d.
485 1103 633 1163 neutest.
662 1092 748 1185 Spr.
786 1094 909 1164 Berol.
935 1097 1046 1166 1859.
1070 1118 1108 1187 p.
1134 1100 1200 1192 9),
1233 1101 1338 1178 οὕτως

223 1231 436 1293 constanter
469 1221 616 1309 scripsit
650 1220 728 1308 (bis
761 1223 863 1287 οὕτως
899 1218 946 1288 cf.
980 1221 1336 1293 'l'ischendord

221 1350 245 1416 l.
264 1370 294 1418 c.
322 1355 358 1416 et
385 1347 561 1415 Winer.
585 1343 747 1412 Grumm.
771 1345 805 1412 d.
824 1354 970 1414 neotest.
990 1347 1077 1439 Spr.
1104 1349 1160 1417 ed.
1176 1349 1211 1416 6.
1233 1347 1335 1436 Lips.

223 1472 332 1543 1855.
363 1493 398 1562 p.
421 1471 511 1561 10),
548 1490 683 1559 parcos
710 1478 768 1539 est
794 1469 831 1537 in
858 1473 1033 1542 membris
1060 1472 1238 1544 orationis
1267 1493 1336 1564 per

220 1604 354 1688 puncta
383 1596 663 1686 distinguendis.
716 1594 917 1664 Corrector
947 1605 1087 1690 autem,
1119 1598 1224 1667 cuius
1251 1619 1335 1667 ma-

220 1743 289 1792 nus
319 1722 532 1792 inferiorem
564 1727 724 1789 aetatem
757 1721 883 1808 prodit
915 1729 952 1790 et
982 1728 1188 1792 atramento
1214 1723 1334 1813 magis

220 1849 422 1936 nigricante
444 1846 640 1933 conspicua
663 1849 737 1936 est,
764 1845 884 1914 omnia
906 1846 1014 1916 huius
1037 1848 1173 1919 codicis
1196 1849 1335 1938 scripta

217 1972 447 2062 percensuit,
482 1975 521 2037 01
547 1974 622 2038 tum
658 1987 725 2036 sua
756 1969 872 2058 ipsius
904 1974 1125 2043 auctoritate
1152 1980 1226 2042 turn
1250 1993 1334 2043 ma·

217 2096 314 2165 xime
338 2097 432 2165 alius
459 2094 594 2163 codicis
617 2093 771 2162 iunioris
797 2114 866 2184 ope
890 2103 1043 2184 peccata
1069 2097 1209 2187 antiqui
1235 2099 1333 2166 scri-

218 2223 288 2289 bae
310 2241 401 2290 vera
423 2226 459 2289 et
481 2221 629 2309 opinata
652 2221 820 2288 tolleret:
850 2219 911 2307 qui
934 2222 1079 2309 quidem
1102 2222 1332 2312 potissimum

217 2346 346 2415 literas
370 2346 505 2435 passim
529 2345 687 2435 pallidas
705 2344 926 2436 renovavit,
952 2345 1137 2418 interdum
1160 2347 1238 2416 1011
1262 2348 1331 2416 sub

218 2497 281 2559 αη
305 2471 517 2564 ascripsit,
544 2473 716 2538 accentus
742 2467 773 2535 si
802 2467 962 2554 aberant,
982 2472 1145 2566 addidit,
1176 2470 1331 2561 spiritus

217 2600 255 2664 et
281 2603 454 2666 accentus
478 2596 574 2666 salso
601 2593 742 2685 positos
764 2593 899 2681 ubique
925 2598 1106 2689 correxit,
1137 2624 1240 2685 ιειη
1266 2596 1331 2665 ubi

216 2723 398 2791 vocabulo
423 2743 496 2791 non
519 2719 740 2789 conveniunt
762 2699 934 2811 mutavit,
958 2744 979 2786 ν
1001 2722 1229 2809 ieameamer
1254 2726 1291 2790 11
1313 2749 1331 2800 ς

215 2844 254 2911 10
278 2846 413 2912 vocula
441 2849 541 2921 οὕτως
568 2850 652 2911 ante
676 2849 919 2912 consonantes
944 2842 1023 2911 sine
1048 2845 1125 2913 ulla
1149 2842 1230 2915 iere
1247 2865 1329 2943 ,ex-

217 2967 385 3059 ceptione
414 2966 538 3059 erasit,
566 2967 767 3036 orationem
793 2971 833 3034 ut
853 2967 1014 3036 dilucida
1043 2967 1090 3035 sit
1115 2988 1184 3057 per
1210 2968 1327 3062 signa,

215 3093 436 3183 praesertim
461 3099 656 3184 commata,
683 3091 863 3185 distinxit,
893 3091 1071 3162 scholia'
1059 3112 1211 3181 1nsuper
1233 3113 1327 3199 per·

213 3238 333 3307 pauca
370 3216 525 3306 margini
559 3216 764 3305 adscripsit.
815 3215 930 3286 Huius
963 3217 1035 3285 viri
1066 3217 1327 3307 interpolatrix

213 3343 335 3431 potius
369 3362 476 3431 quam
502 3342 731 3412 emendatrix
760 3361 886 3411 manus
913 3363 936 3411 a
959 3325 1169 3431 Theophilo
1195 3343 1327 3412 melius

214 3467 358 3537 omnino
398 3468 645 3537 abstinuisset.
711 3465 937 3554 Quamquam
976 3467 1096 3556 prima
1135 3466 1327 3556 scriptura

213 3595 378 3663 omnibus
405 3593 496 3662 locis
523 3592 632 3661 facile
664 3591 894 3680 perspicitur.
946 3589 1104 3679 Egomet
1131 3592 1325 3660 excellen-

211 3718 339 3788 tissimi
365 3719 511 3812 codicis,
540 3736 647 3806 quem
669 3717 792 3784 nullus
816 3712 937 3783 adhuc
961 3715 1083 3785 editor
1105 3720 1169 3784 aut
1192 3714 1325 3804 cogni-

210 3851 286 3914 tum
322 3841 452 3912 habuit
488 3848 551 3911 aut
589 3841 758 3933 contulit,
796 3839 964 3910 diversas
1003 3841 1181 3911 lectiones
1221 3843 1325 3908 tanta

208 3969 358 4045 enotavi
389 3967 571 4056 reiigione
604 3972 644 4034 ut
670 3984 715 4032 ne
744 3963 968 4036 levissimam
1003 3966 1149 4055 quidem
1178 3964 1324 4032 discre-

207 4095 370 4191 pantiam
395 4093 589 4163 omiserim

298 4217 372 4295 li.
394 4217 517 4293 Codex
548 4195 805 4286 Bodleionus
799 4235 926 4308 graec.
961 4215 1158 4287 miscellan
1197 4211 1320 4298 XXV,
