<?xml version="1.0" encoding="UTF-8"?>
<!DOCTYPE html PUBLIC "-//W3C//DTD XHTML 1.0 Transitional//EN"
    "http://www.w3.org/TR/xhtml1/DTD/xhtml1-transitional.dtd">
<html xmlns="http://www.w3.org/1999/xhtml" xml:lang="en" lang="en">
 <head>
  <title>
</title>
<meta http-equiv="Content-Type" content="text/html;charset=utf-8" />
  <meta name='ocr-system' content='tesseract 3.04.00' />
  <meta name='ocr-capabilities' content='ocr_page ocr_carea ocr_par ocr_line ocrx_word'/>
</head>
<body>
  <div class='ocr_page' id='page_1' title='image "./corpusapologeta00unkngoog_0044.png"; bbox 0 0 2836 4852; ppageno 0'>
   <div class='ocr_carea' id='block_1_1' title="bbox 189 287 938 369">
    <p class='ocr_par' dir='ltr' id='par_1_1' title="bbox 189 287 938 369">
     <span class='ocr_line' id='line_1_1' title="bbox 189 287 938 369; baseline 0.003 -2"><span class='ocrx_word' id='word_1_1' title='bbox 189 313 280 367; x_wconf 72' lang='lat' dir='ltr'>xxiv</span> <span class='ocrx_word' id='word_1_2' title='bbox 554 287 938 369; x_wconf 76' lang='lat' dir='ltr'>PROLEGOMENA.</span> 
     </span>
    </p>
   </div>
   <div class='ocr_carea' id='block_1_2' title="bbox 97 484 1302 2949">
    <p class='ocr_par' dir='ltr' id='par_1_2' title="bbox 97 484 1302 2949">
     <span class='ocr_line' id='line_1_2' title="bbox 188 484 1302 581; baseline 0.004 -24"><span class='ocrx_word' id='word_1_3' title='bbox 188 484 438 558; x_wconf 87' lang='lat' dir='ltr'>continentur:</span> <span class='ocrx_word' id='word_1_4' title='bbox 467 484 739 557; x_wconf 71' lang='lat' dir='ltr'>Sententiarum</span> <span class='ocrx_word' id='word_1_5' title='bbox 764 484 844 556; x_wconf 89' lang='lat' dir='ltr'>sive</span> <span class='ocrx_word' id='word_1_6' title='bbox 869 484 1039 580; x_wconf 91' lang='lat' dir='ltr'>capitum,</span> <span class='ocrx_word' id='word_1_7' title='bbox 1064 487 1302 581; x_wconf 82' lang='lat' dir='ltr'>theologico-</span> 
     </span>
     <span class='ocr_line' id='line_1_3' title="bbox 189 610 1302 705; baseline 0.004 -23"><span class='ocrx_word' id='word_1_8' title='bbox 189 632 271 682; x_wconf 92' lang='lat' dir='ltr'>rum</span> <span class='ocrx_word' id='word_1_9' title='bbox 304 612 521 705; x_wconf 88' lang='lat' dir='ltr'>praecipue,</span> <span class='ocrx_word' id='word_1_10' title='bbox 560 633 607 680; x_wconf 85' lang='lat' dir='ltr'>ex</span> <span class='ocrx_word' id='word_1_11' title='bbox 638 610 754 681; x_wconf 85' lang='lat' dir='ltr'>sacris</span> <span class='ocrx_word' id='word_1_12' title='bbox 785 617 823 681; x_wconf 92' lang='lat' dir='ltr'>et</span> <span class='ocrx_word' id='word_1_13' title='bbox 855 610 1024 702; x_wconf 83' lang='lat' dir='ltr'><strong>profanis</strong></span> <span class='ocrx_word' id='word_1_14' title='bbox 1054 614 1161 684; x_wconf 87' lang='lat' dir='ltr'>libris</span> <span class='ocrx_word' id='word_1_15' title='bbox 1192 611 1302 686; x_wconf 80' lang='lat' dir='ltr'>&#39;l&#39;omi</span> 
     </span>
     <span class='ocr_line' id='line_1_4' title="bbox 189 735 1300 829; baseline 0.002 -22"><span class='ocrx_word' id='word_1_16' title='bbox 189 746 278 829; x_wconf 75' lang='lat' dir='ltr'>tren,</span> <span class='ocrx_word' id='word_1_17' title='bbox 302 757 371 827; x_wconf 90' lang='lat' dir='ltr'>per</span> <span class='ocrx_word' id='word_1_18' title='bbox 394 738 645 806; x_wconf 91' lang='lat' dir='ltr'>Antonium</span> <span class='ocrx_word' id='word_1_19' title='bbox 669 741 706 805; x_wconf 90' lang='lat' dir='ltr'>et</span> <span class='ocrx_word' id='word_1_20' title='bbox 727 735 970 808; x_wconf 88' lang='lat' dir='ltr'>Maximum</span> <span class='ocrx_word' id='word_1_21' title='bbox 995 738 1194 808; x_wconf 85' lang='lat' dir='ltr'>monachos</span> <span class='ocrx_word' id='word_1_22' title='bbox 1211 741 1300 810; x_wconf 93' lang='lat' dir='ltr'>olim</span> 
     </span>
     <span class='ocr_line' id='line_1_5' title="bbox 188 860 1302 952; baseline 0.004 -21"><span class='ocrx_word' id='word_1_23' title='bbox 188 861 343 931; x_wconf 76' lang='lat' dir='ltr'>collecti.</span> <span class='ocrx_word' id='word_1_24' title='bbox 386 862 535 930; x_wconf 86' lang='lat' dir='ltr'>Antonii</span> <span class='ocrx_word' id='word_1_25' title='bbox 559 860 649 930; x_wconf 90' lang='lat' dir='ltr'>Loci</span> <span class='ocrx_word' id='word_1_26' title='bbox 673 861 827 930; x_wconf 84' lang='lat' dir='ltr'>Melissa</span> <span class='ocrx_word' id='word_1_27' title='bbox 848 862 1014 952; x_wconf 90' lang='lat' dir='ltr'>inscripti</span> <span class='ocrx_word' id='word_1_28' title='bbox 1036 884 1189 934; x_wconf 90' lang='lat' dir='ltr'>numero</span> <span class='ocrx_word' id='word_1_29' title='bbox 1215 872 1302 936; x_wconf 89' lang='lat' dir='ltr'>sunt</span> 
     </span>
     <span class='ocr_line' id='line_1_6' title="bbox 187 984 1300 1084; baseline 0.002 -28"><span class='ocrx_word' id='word_1_30' title='bbox 187 987 274 1078; x_wconf 74' lang='lat'>175,</span> <span class='ocrx_word' id='word_1_31' title='bbox 299 984 453 1055; x_wconf 87' lang='lat' dir='ltr'>Maximi</span> <span class='ocrx_word' id='word_1_32' title='bbox 473 1005 565 1054; x_wconf 91' lang='lat' dir='ltr'>vero</span> <span class='ocrx_word' id='word_1_33' title='bbox 584 985 643 1055; x_wconf 76' lang='lat'>71.</span> <span class='ocrx_word' id='word_1_34' title='bbox 683 985 815 1055; x_wconf 90' lang='lat' dir='ltr'>Abbae</span> <span class='ocrx_word' id='word_1_35' title='bbox 841 985 1050 1080; x_wconf 82' lang='lat' dir='ltr'>Maximi,</span> <span class='ocrx_word' id='word_1_36' title='bbox 1072 987 1300 1084; x_wconf 86' lang='lat' dir='ltr'>philosophi,</span> 
     </span>
     <span class='ocr_line' id='line_1_7' title="bbox 188 1108 1299 1203; baseline 0.003 -22"><span class='ocrx_word' id='word_1_37' title='bbox 188 1110 412 1182; x_wconf 80' lang='lat' dir='ltr'>confessoris</span> <span class='ocrx_word' id='word_1_38' title='bbox 436 1115 473 1179; x_wconf 87' lang='lat' dir='ltr'>et</span> <span class='ocrx_word' id='word_1_39' title='bbox 493 1108 684 1202; x_wconf 85' lang='lat' dir='ltr'>martyris,</span> <span class='ocrx_word' id='word_1_40' title='bbox 718 1110 1024 1200; x_wconf 84' lang='lat' dir='ltr'>Aphorismorum</span> <span class='ocrx_word' id='word_1_41' title='bbox 1048 1131 1116 1187; x_wconf 86' lang='lat' dir='ltr'>seu</span> <span class='ocrx_word' id='word_1_42' title='bbox 1139 1114 1299 1203; x_wconf 89' lang='lat' dir='ltr'>capitum</span> 
     </span>
     <span class='ocr_line' id='line_1_8' title="bbox 187 1233 1299 1324; baseline 0.001 -19"><span class='ocrx_word' id='word_1_43' title='bbox 187 1241 234 1305; x_wconf 86' lang='lat' dir='ltr'>de</span> <span class='ocrx_word' id='word_1_44' title='bbox 267 1235 434 1324; x_wconf 89' lang='lat' dir='ltr'>perfecta</span> <span class='ocrx_word' id='word_1_45' title='bbox 469 1233 651 1304; x_wconf 80' lang='lat' dir='ltr'>charitate</span> <span class='ocrx_word' id='word_1_46' title='bbox 678 1240 716 1302; x_wconf 89' lang='lat' dir='ltr'>et</span> <span class='ocrx_word' id='word_1_47' title='bbox 747 1236 829 1304; x_wconf 91' lang='lat' dir='ltr'>aliis</span> <span class='ocrx_word' id='word_1_48' title='bbox 857 1236 1054 1324; x_wconf 82' lang='lat' dir='ltr'>yirtutibus</span> <span class='ocrx_word' id='word_1_49' title='bbox 1087 1236 1299 1308; x_wconf 82' lang='lat' dir='ltr'>christiania</span> 
     </span>
     <span class='ocr_line' id='line_1_9' title="bbox 186 1358 1299 1449; baseline 0.003 -21"><span class='ocrx_word' id='word_1_50' title='bbox 186 1360 236 1428; x_wconf 92' lang='lat' dir='ltr'>ad</span> <span class='ocrx_word' id='word_1_51' title='bbox 269 1358 454 1449; x_wconf 85' lang='lat' dir='ltr'>Elpidium</span> <span class='ocrx_word' id='word_1_52' title='bbox 488 1358 748 1448; x_wconf 88' lang='lat' dir='ltr'>presbyterum</span> <span class='ocrx_word' id='word_1_53' title='bbox 777 1360 965 1429; x_wconf 78' lang='lat' dir='ltr'>centuriae</span> <span class='ocrx_word' id='word_1_54' title='bbox 997 1358 1077 1429; x_wconf 90' lang='lat' dir='ltr'>llll.</span> <span class='ocrx_word' id='word_1_55' title='bbox 1137 1360 1299 1431; x_wconf 78' lang='lat' dir='ltr'>Theo-</span> 
     </span>
     <span class='ocr_line' id='line_1_10' title="bbox 185 1481 1297 1574; baseline 0.003 -22"><span class='ocrx_word' id='word_1_56' title='bbox 185 1483 309 1574; x_wconf 84' lang='lat' dir='ltr'>phili</span> <span class='ocrx_word' id='word_1_57' title='bbox 344 1483 440 1552; x_wconf 89' lang='lat' dir='ltr'>sexti</span> <span class='ocrx_word' id='word_1_58' title='bbox 466 1481 726 1551; x_wconf 83' lang='lat' dir='ltr'>Antiochensis</span> <span class='ocrx_word' id='word_1_59' title='bbox 763 1483 927 1574; x_wconf 83' lang='lat' dir='ltr'>episcopi</span> <span class='ocrx_word' id='word_1_60' title='bbox 959 1485 1007 1552; x_wconf 92' lang='lat' dir='ltr'>de</span> <span class='ocrx_word' id='word_1_61' title='bbox 1041 1483 1118 1555; x_wconf 81' lang='lat' dir='ltr'>lleo</span> <span class='ocrx_word' id='word_1_62' title='bbox 1151 1493 1189 1555; x_wconf 93' lang='lat' dir='ltr'>et</span> <span class='ocrx_word' id='word_1_63' title='bbox 1221 1484 1297 1556; x_wconf 84' lang='lat' dir='ltr'>fida</span> 
     </span>
     <span class='ocr_line' id='line_1_11' title="bbox 186 1604 1297 1681; baseline 0.002 -3"><span class='ocrx_word' id='word_1_64' title='bbox 186 1606 478 1679; x_wconf 79' lang='lat' dir='ltr'>christianorum</span> <span class='ocrx_word' id='word_1_65' title='bbox 502 1614 630 1677; x_wconf 88' lang='lat' dir='ltr'>contra</span> <span class='ocrx_word' id='word_1_66' title='bbox 656 1604 794 1676; x_wconf 81' lang='lat' dir='ltr'>Gentes</span> <span class='ocrx_word' id='word_1_67' title='bbox 816 1608 1085 1679; x_wconf 87' lang='lat' dir='ltr'>Institutionum</span> <span class='ocrx_word' id='word_1_68' title='bbox 1107 1611 1193 1680; x_wconf 87' lang='lat' dir='ltr'>libri</span> <span class='ocrx_word' id='word_1_69' title='bbox 1217 1617 1297 1681; x_wconf 85' lang='lat' dir='ltr'>tres</span> 
     </span>
     <span class='ocr_line' id='line_1_12' title="bbox 185 1730 1296 1827; baseline -0.001 -23"><span class='ocrx_word' id='word_1_70' title='bbox 185 1735 233 1804; x_wconf 90' lang='lat' dir='ltr'>ad</span> <span class='ocrx_word' id='word_1_71' title='bbox 254 1733 474 1824; x_wconf 77' lang='lat' dir='ltr'>Autolycum</span> <span class='ocrx_word' id='word_1_72' title='bbox 484 1730 533 1821; x_wconf 65' lang='lat' dir='ltr'>i·).</span> <span class='ocrx_word' id='word_1_73' title='bbox 586 1731 778 1801; x_wconf 82' lang='lat' dir='ltr'>Tatiani</span> <span class='ocrx_word' id='word_1_74' title='bbox 806 1733 971 1827; x_wconf 83' lang='lat' dir='ltr'>Assyrii,</span> <span class='ocrx_word' id='word_1_75' title='bbox 997 1732 1127 1804; x_wconf 87' lang='lat' dir='ltr'>lustini</span> <span class='ocrx_word' id='word_1_76' title='bbox 1148 1741 1296 1826; x_wconf 89' lang='lat' dir='ltr'>marty-</span> 
     </span>
     <span class='ocr_line' id='line_1_13' title="bbox 184 1854 1297 1948; baseline 0.004 -22"><span class='ocrx_word' id='word_1_77' title='bbox 184 1858 237 1926; x_wconf 88' lang='lat' dir='ltr'>ris</span> <span class='ocrx_word' id='word_1_78' title='bbox 262 1856 451 1948; x_wconf 88' lang='lat' dir='ltr'>discipuli,</span> <span class='ocrx_word' id='word_1_79' title='bbox 488 1854 615 1926; x_wconf 88' lang='lat' dir='ltr'>Oratio</span> <span class='ocrx_word' id='word_1_80' title='bbox 651 1861 778 1926; x_wconf 87' lang='lat' dir='ltr'>contra</span> <span class='ocrx_word' id='word_1_81' title='bbox 809 1855 984 1928; x_wconf 88' lang='lat' dir='ltr'>Graecos.</span> <span class='ocrx_word' id='word_1_82' title='bbox 1026 1858 1173 1929; x_wconf 85' lang='lat' dir='ltr'>Omnia</span> <span class='ocrx_word' id='word_1_83' title='bbox 1202 1880 1297 1930; x_wconf 83' lang='lat' dir='ltr'>uoco</span> 
     </span>
     <span class='ocr_line' id='line_1_14' title="bbox 185 1981 1293 2074; baseline 0.005 -24"><span class='ocrx_word' id='word_1_84' title='bbox 185 1990 221 2050; x_wconf 84' lang='lat' dir='ltr'>ct</span> <span class='ocrx_word' id='word_1_85' title='bbox 246 1988 357 2049; x_wconf 82' lang='lat' dir='ltr'>anteo</span> <span class='ocrx_word' id='word_1_86' title='bbox 379 2001 564 2074; x_wconf 81' lang='lat' dir='ltr'>conquam</span> <span class='ocrx_word' id='word_1_87' title='bbox 591 1981 709 2070; x_wconf 82' lang='lat' dir='ltr'>odito,</span> <span class='ocrx_word' id='word_1_88' title='bbox 728 1991 881 2073; x_wconf 83' lang='lat' dir='ltr'>praeter</span> <span class='ocrx_word' id='word_1_89' title='bbox 904 1983 1066 2053; x_wconf 75' lang='lat' dir='ltr'>Maximi</span> <span class='ocrx_word' id='word_1_90' title='bbox 1091 1984 1293 2074; x_wconf 73' lang='lat' dir='ltr'>Canterius,</span> 
     </span>
     <span class='ocr_line' id='line_1_15' title="bbox 183 2106 1295 2200; baseline 0.005 -25"><span class='ocrx_word' id='word_1_91' title='bbox 183 2106 409 2176; x_wconf 84' lang='lat' dir='ltr'>nuncetiam</span> <span class='ocrx_word' id='word_1_92' title='bbox 432 2108 694 2200; x_wconf 79' lang='lat' dir='ltr'>castigatiores.</span> <span class='ocrx_word' id='word_1_93' title='bbox 742 2106 1032 2199; x_wconf 80' lang='lat' dir='ltr'>Christophorus</span> <span class='ocrx_word' id='word_1_94' title='bbox 1054 2109 1295 2183; x_wconf 78' lang='lat' dir='ltr'>Froschove-</span> 
     </span>
     <span class='ocr_line' id='line_1_16' title="bbox 182 2221 1295 2325; baseline 0.001 -23"><span class='ocrx_word' id='word_1_95' title='bbox 182 2251 247 2302; x_wconf 87' lang='lat' dir='ltr'>rus</span> <span class='ocrx_word' id='word_1_96' title='bbox 283 2232 490 2302; x_wconf 79' lang='lat' dir='ltr'>excedebat</span> <span class='ocrx_word' id='word_1_97' title='bbox 529 2221 677 2325; x_wconf 81' lang='lat' dir='ltr'>&#39;liguri,</span> <span class='ocrx_word' id='word_1_98' title='bbox 714 2231 822 2302; x_wconf 92' lang='lat' dir='ltr'>Anno</span> <span class='ocrx_word' id='word_1_99' title='bbox 853 2230 1101 2303; x_wconf 79' lang='lat' dir='ltr'>M.l).XLVI.“</span> <span class='ocrx_word' id='word_1_100' title='bbox 1136 2233 1215 2303; x_wconf 80' lang='lat' dir='ltr'>Fol.</span> <span class='ocrx_word' id='word_1_101' title='bbox 1242 2272 1295 2287; x_wconf 88' lang='lat'>--</span> 
     </span>
     <span class='ocr_line' id='line_1_17' title="bbox 182 2355 1294 2446; baseline 0.003 -20"><span class='ocrx_word' id='word_1_102' title='bbox 182 2355 387 2446; x_wconf 85' lang='lat' dir='ltr'>Principem</span> <span class='ocrx_word' id='word_1_103' title='bbox 413 2356 509 2428; x_wconf 90' lang='lat' dir='ltr'>hanc</span> <span class='ocrx_word' id='word_1_104' title='bbox 530 2359 722 2445; x_wconf 59' lang='grc' dir='ltr'><em>»Θεοφίλου</em></span> <span class='ocrx_word' id='word_1_105' title='bbox 744 2358 829 2443; x_wconf 75' lang='grc' dir='ltr'><strong><em>πρὸς</em></strong></span> <span class='ocrx_word' id='word_1_106' title='bbox 848 2357 1064 2427; x_wconf 51' lang='grc' dir='ltr'>Αὐτόλυκον(</span> <span class='ocrx_word' id='word_1_107' title='bbox 1093 2357 1294 2430; x_wconf 87' lang='lat' dir='ltr'>editionem</span> 
     </span>
     <span class='ocr_line' id='line_1_18' title="bbox 183 2477 1294 2574; baseline 0.003 -23"><span class='ocrx_word' id='word_1_108' title='bbox 183 2483 243 2573; x_wconf 65' lang='grc' dir='ltr'>(μ’</span> <span class='ocrx_word' id='word_1_109' title='bbox 264 2478 506 2571; x_wconf 75' lang='lat' dir='ltr'>alo-275)</span> <span class='ocrx_word' id='word_1_110' title='bbox 542 2479 743 2548; x_wconf 90' lang='lat' dir='ltr'>Ioannes</span> <span class='ocrx_word' id='word_1_111' title='bbox 769 2477 959 2552; x_wconf 82' lang='lat' dir='ltr'>Frisios</span> <span class='ocrx_word' id='word_1_112' title='bbox 988 2479 1188 2570; x_wconf 79' lang='lat' dir='ltr'>&#39;ligurinus</span> <span class='ocrx_word' id='word_1_113' title='bbox 1218 2503 1294 2574; x_wconf 87' lang='lat' dir='ltr'>pa-</span> 
     </span>
     <span class='ocr_line' id='line_1_19' title="bbox 180 2603 1293 2698; baseline 0 -20"><span class='ocrx_word' id='word_1_114' title='bbox 180 2608 335 2678; x_wconf 84' lang='lat' dir='ltr'>randam</span> <span class='ocrx_word' id='word_1_115' title='bbox 357 2607 510 2678; x_wconf 91' lang='lat' dir='ltr'>curavit.</span> <span class='ocrx_word' id='word_1_116' title='bbox 559 2603 597 2673; x_wconf 89' lang='lat' dir='ltr'>Is</span> <span class='ocrx_word' id='word_1_117' title='bbox 624 2604 719 2672; x_wconf 87' lang='lat' dir='ltr'>enim</span> <span class='ocrx_word' id='word_1_118' title='bbox 739 2624 834 2673; x_wconf 90' lang='lat' dir='ltr'>anno</span> <span class='ocrx_word' id='word_1_119' title='bbox 857 2603 974 2698; x_wconf 68' lang='lat'>1545,</span> <span class='ocrx_word' id='word_1_120' title='bbox 1005 2605 1043 2675; x_wconf 89' lang='lat' dir='ltr'>in</span> <span class='ocrx_word' id='word_1_121' title='bbox 1063 2607 1195 2676; x_wconf 89' lang='lat' dir='ltr'>itincre</span> <span class='ocrx_word' id='word_1_122' title='bbox 1216 2609 1293 2679; x_wconf 87' lang='lat' dir='ltr'>ita·-</span> 
     </span>
     <span class='ocr_line' id='line_1_20' title="bbox 97 2728 1292 2826; baseline 0.001 -24"><span class='ocrx_word' id='word_1_123' title='bbox 97 2810 99 2812; x_wconf 56' lang='grc'><strong>,</strong></span> <span class='ocrx_word' id='word_1_124' title='bbox 180 2733 254 2803; x_wconf 85' lang='lat' dir='ltr'>lico</span> <span class='ocrx_word' id='word_1_125' title='bbox 289 2753 397 2821; x_wconf 89' lang='lat' dir='ltr'>quum</span> <span class='ocrx_word' id='word_1_126' title='bbox 430 2728 596 2799; x_wconf 82' lang='lat' dir='ltr'>Venetiis</span> <span class='ocrx_word' id='word_1_127' title='bbox 629 2728 677 2797; x_wconf 90' lang='lat' dir='ltr'>ad</span> <span class='ocrx_word' id='word_1_128' title='bbox 717 2733 865 2819; x_wconf 88' lang='lat' dir='ltr'>tempus</span> <span class='ocrx_word' id='word_1_129' title='bbox 900 2737 1205 2826; x_wconf 87' lang='lat' dir='ltr'>commoraretur,</span> <span class='ocrx_word' id='word_1_130' title='bbox 1242 2735 1292 2803; x_wconf 88' lang='lat' dir='ltr'>ab</span> 
     </span>
     <span class='ocr_line' id='line_1_21' title="bbox 181 2851 1292 2949; baseline 0.001 -23"><span class='ocrx_word' id='word_1_131' title='bbox 181 2856 296 2926; x_wconf 89' lang='lat' dir='ltr'>amico</span> <span class='ocrx_word' id='word_1_132' title='bbox 323 2854 492 2922; x_wconf 92' lang='lat' dir='ltr'>Arnoldo</span> <span class='ocrx_word' id='word_1_133' title='bbox 518 2851 672 2921; x_wconf 91' lang='lat' dir='ltr'>Arlenio</span> <span class='ocrx_word' id='word_1_134' title='bbox 697 2851 898 2946; x_wconf 90' lang='lat' dir='ltr'>Peraxylo,</span> <span class='ocrx_word' id='word_1_135' title='bbox 925 2855 1093 2949; x_wconf 88' lang='lat' dir='ltr'>„homine</span> <span class='ocrx_word' id='word_1_136' title='bbox 1116 2863 1218 2927; x_wconf 84' lang='lat' dir='ltr'>certe</span> <span class='ocrx_word' id='word_1_137' title='bbox 1241 2859 1292 2927; x_wconf 88' lang='lat' dir='ltr'>ad</span> 
     </span>
    </p>
   </div>
   <div class='ocr_carea' id='block_1_3' title="bbox 77 2975 1291 3073">
    <p class='ocr_par' dir='ltr' id='par_1_3' title="bbox 77 2975 1291 3073">
     <span class='ocr_line' id='line_1_22' title="bbox 77 2975 1291 3073; baseline 0.002 -24"><span class='ocrx_word' id='word_1_138' title='bbox 77 3044 90 3071; x_wconf 65' lang='lat'>,</span> <span class='ocrx_word' id='word_1_139' title='bbox 179 2981 359 3049; x_wconf 87' lang='lat' dir='ltr'>bonarum</span> <span class='ocrx_word' id='word_1_140' title='bbox 384 2977 574 3046; x_wconf 88' lang='lat' dir='ltr'>literarum</span> <span class='ocrx_word' id='word_1_141' title='bbox 597 2975 719 3044; x_wconf 88' lang='lat' dir='ltr'>studia</span> <span class='ocrx_word' id='word_1_142' title='bbox 740 2979 992 3066; x_wconf 87' lang='lat' dir='ltr'>promovenda</span> <span class='ocrx_word' id='word_1_143' title='bbox 1014 2978 1135 3073; x_wconf 88' lang='lat' dir='ltr'>nato,“</span> <span class='ocrx_word' id='word_1_144' title='bbox 1159 2988 1291 3052; x_wconf 90' lang='lat' dir='ltr'>mstum</span> 
     </span>
    </p>
   </div>
   <div class='ocr_carea' id='block_1_4' title="bbox 174 3095 1291 3943">
    <p class='ocr_par' dir='ltr' id='par_1_4' title="bbox 174 3095 1291 3943">
     <span class='ocr_line' id='line_1_23' title="bbox 180 3095 1289 3192; baseline 0 -18"><span class='ocrx_word' id='word_1_145' title='bbox 180 3101 379 3192; x_wconf 81' lang='lat' dir='ltr'>Theophili</span> <span class='ocrx_word' id='word_1_146' title='bbox 402 3100 566 3170; x_wconf 85' lang='lat' dir='ltr'>codicem</span> <span class='ocrx_word' id='word_1_147' title='bbox 584 3095 636 3149; x_wconf 67' lang='lat'>&#39;-·</span> <span class='ocrx_word' id='word_1_148' title='bbox 664 3099 726 3187; x_wconf 88' lang='lat' dir='ltr'>qui</span> <span class='ocrx_word' id='word_1_149' title='bbox 749 3121 868 3189; x_wconf 88' lang='lat' dir='ltr'>neque</span> <span class='ocrx_word' id='word_1_150' title='bbox 891 3122 972 3172; x_wconf 91' lang='lat' dir='ltr'>cum</span> <span class='ocrx_word' id='word_1_151' title='bbox 994 3101 1138 3175; x_wconf 89' lang='lat' dir='ltr'>Veneto</span> <span class='ocrx_word' id='word_1_152' title='bbox 1160 3111 1289 3174; x_wconf 91' lang='lat' dir='ltr'>nostro</span> 
     </span>
     <span class='ocr_line' id='line_1_24' title="bbox 177 3224 1291 3316; baseline 0.003 -20"><span class='ocrx_word' id='word_1_153' title='bbox 177 3248 295 3316; x_wconf 90' lang='lat' dir='ltr'>neque</span> <span class='ocrx_word' id='word_1_154' title='bbox 317 3247 398 3296; x_wconf 90' lang='lat' dir='ltr'>cum</span> <span class='ocrx_word' id='word_1_155' title='bbox 423 3224 626 3295; x_wconf 89' lang='lat' dir='ltr'>Bodleiano</span> <span class='ocrx_word' id='word_1_156' title='bbox 652 3244 807 3315; x_wconf 91' lang='lat' dir='ltr'>prorsus</span> <span class='ocrx_word' id='word_1_157' title='bbox 830 3228 1009 3298; x_wconf 90' lang='lat' dir='ltr'>consentit</span> <span class='ocrx_word' id='word_1_158' title='bbox 1033 3268 1079 3280; x_wconf 79' lang='lat'>—-</span> <span class='ocrx_word' id='word_1_159' title='bbox 1103 3230 1198 3299; x_wconf 91' lang='lat' dir='ltr'>dono</span> <span class='ocrx_word' id='word_1_160' title='bbox 1223 3249 1291 3299; x_wconf 89' lang='lat' dir='ltr'>ao·</span> 
     </span>
     <span class='ocr_line' id='line_1_25' title="bbox 178 3349 1288 3442; baseline 0.001 -20"><span class='ocrx_word' id='word_1_161' title='bbox 178 3351 294 3442; x_wconf 86' lang='lat' dir='ltr'>cepit:</span> <span class='ocrx_word' id='word_1_162' title='bbox 330 3371 438 3442; x_wconf 89' lang='lat' dir='ltr'>quem</span> <span class='ocrx_word' id='word_1_163' title='bbox 467 3349 683 3421; x_wconf 89' lang='lat' dir='ltr'>amicissimo</span> <span class='ocrx_word' id='word_1_164' title='bbox 715 3349 788 3419; x_wconf 88' lang='lat' dir='ltr'>civi</span> <span class='ocrx_word' id='word_1_165' title='bbox 822 3370 888 3420; x_wconf 92' lang='lat' dir='ltr'>suo</span> <span class='ocrx_word' id='word_1_166' title='bbox 922 3349 1136 3422; x_wconf 76' lang='lat' dir='ltr'>(lornano</span> <span class='ocrx_word' id='word_1_167' title='bbox 1168 3351 1288 3423; x_wconf 81' lang='lat' dir='ltr'>Gus-</span> 
     </span>
     <span class='ocr_line' id='line_1_26' title="bbox 177 3452 1290 3569; baseline 0 -23"><span class='ocrx_word' id='word_1_168' title='bbox 177 3497 288 3547; x_wconf 83' lang='lat' dir='ltr'>nsno</span> <span class='ocrx_word' id='word_1_169' title='bbox 314 3476 479 3569; x_wconf 87' lang='lat' dir='ltr'>tradidit,</span> <span class='ocrx_word' id='word_1_170' title='bbox 503 3480 545 3544; x_wconf 91' lang='lat' dir='ltr'>ut</span> <span class='ocrx_word' id='word_1_171' title='bbox 565 3475 663 3568; x_wconf 90' lang='lat' dir='ltr'>typis</span> <span class='ocrx_word' id='word_1_172' title='bbox 686 3495 769 3545; x_wconf 92' lang='lat' dir='ltr'>eum</span> <span class='ocrx_word' id='word_1_173' title='bbox 792 3475 965 3563; x_wconf 85' lang='lat' dir='ltr'>vulgaret</span> <span class='ocrx_word' id='word_1_174' title='bbox 991 3452 1167 3547; x_wconf 88' lang='lat' dir='ltr'>unacum</span> <span class='ocrx_word' id='word_1_175' title='bbox 1191 3477 1290 3546; x_wconf 90' lang='lat' dir='ltr'>scri-</span> 
     </span>
     <span class='ocr_line' id='line_1_27' title="bbox 176 3598 1288 3692; baseline -0.002 -19"><span class='ocrx_word' id='word_1_176' title='bbox 176 3602 249 3692; x_wconf 85' lang='lat' dir='ltr'>ptis</span> <span class='ocrx_word' id='word_1_177' title='bbox 276 3600 620 3692; x_wconf 88' lang='lat' dir='ltr'>supramemoratis</span> <span class='ocrx_word' id='word_1_178' title='bbox 646 3607 684 3670; x_wconf 91' lang='lat' dir='ltr'>et</span> <span class='ocrx_word' id='word_1_179' title='bbox 708 3601 758 3689; x_wconf 82' lang='lat' dir='ltr'>(p.</span> <span class='ocrx_word' id='word_1_180' title='bbox 780 3598 872 3688; x_wconf 67' lang='grc'>244)</span> <span class='ocrx_word' id='word_1_181' title='bbox 903 3600 1061 3689; x_wconf 75' lang='lat' dir='ltr'>epistola</span> <span class='ocrx_word' id='word_1_182' title='bbox 1080 3600 1193 3673; x_wconf 80' lang='lat' dir='ltr'>Frisii</span> <span class='ocrx_word' id='word_1_183' title='bbox 1217 3603 1288 3671; x_wconf 89' lang='lat' dir='ltr'>de-</span> 
     </span>
     <span class='ocr_line' id='line_1_28' title="bbox 177 3724 1287 3817; baseline 0 -21"><span class='ocrx_word' id='word_1_184' title='bbox 177 3725 358 3797; x_wconf 70' lang='lat' dir='ltr'>dicatoria</span> <span class='ocrx_word' id='word_1_185' title='bbox 388 3726 451 3797; x_wconf 88' lang='lat' dir='ltr'>ad·</span> <span class='ocrx_word' id='word_1_186' title='bbox 472 3724 738 3797; x_wconf 88' lang='lat' dir='ltr'>nobilissimum</span> <span class='ocrx_word' id='word_1_187' title='bbox 771 3724 939 3795; x_wconf 92' lang='lat' dir='ltr'>iuvenem</span> <span class='ocrx_word' id='word_1_188' title='bbox 964 3725 1163 3817; x_wconf 86' lang='lat' dir='ltr'>Georgium</span> <span class='ocrx_word' id='word_1_189' title='bbox 1187 3725 1287 3797; x_wconf 85' lang='lat' dir='ltr'>Gro-</span> 
     </span>
     <span class='ocr_line' id='line_1_29' title="bbox 174 3846 1285 3943; baseline -0.002 -21"><span class='ocrx_word' id='word_1_190' title='bbox 174 3852 321 3922; x_wconf 87' lang='lat' dir='ltr'>helium.</span> <span class='ocrx_word' id='word_1_191' title='bbox 382 3849 560 3923; x_wconf 80' lang='lat' dir='ltr'>Testatur</span> <span class='ocrx_word' id='word_1_192' title='bbox 592 3847 799 3919; x_wconf 86' lang='lat' dir='ltr'>Latinus</span> <span class='ocrx_word' id='word_1_193' title='bbox 835 3846 1061 3922; x_wconf 87' lang='lat' dir='ltr'>Latinius</span> <span class='ocrx_word' id='word_1_194' title='bbox 1099 3851 1285 3943; x_wconf 78' lang='lat' dir='ltr'>(Epistoll.</span> 
     </span>
    </p>
   </div>
   <div class='ocr_carea' id='block_1_5' title="bbox 174 4118 1286 4300">
    <p class='ocr_par' dir='ltr' id='par_1_5' title="bbox 174 4118 1286 4300">
     <span class='ocr_line' id='line_1_30' title="bbox 188 4118 1286 4219; baseline 0.004 -18"><span class='ocrx_word' id='word_1_195' title='bbox 188 4118 193 4123; x_wconf 26' lang='lat'>⁸</span> <span class='ocrx_word' id='word_1_196' title='bbox 242 4144 271 4213; x_wconf 72' lang='lat'>⁸)</span> <span class='ocrx_word' id='word_1_197' title='bbox 290 4148 482 4203; x_wconf 87' lang='lat' dir='ltr'>lostilotiouum</span> <span class='ocrx_word' id='word_1_198' title='bbox 500 4145 581 4200; x_wconf 85' lang='lat' dir='ltr'>libros</span> <span class='ocrx_word' id='word_1_199' title='bbox 600 4145 684 4201; x_wconf 84' lang='lat' dir='ltr'>editor</span> <span class='ocrx_word' id='word_1_200' title='bbox 701 4131 813 4219; x_wconf 83' lang='lat' dir='ltr'>appellat</span> <span class='ocrx_word' id='word_1_201' title='bbox 830 4147 896 4217; x_wconf 79' lang='lat' dir='ltr'>qood</span> <span class='ocrx_word' id='word_1_202' title='bbox 914 4147 1042 4205; x_wconf 75' lang='lat' dir='ltr'>Eusebius</span> <span class='ocrx_word' id='word_1_203' title='bbox 1061 4142 1095 4207; x_wconf 82' lang='lat' dir='ltr'>ll·</span> <span class='ocrx_word' id='word_1_204' title='bbox 1110 4148 1141 4204; x_wconf 76' lang='grc' dir='ltr'>Ε.</span> <span class='ocrx_word' id='word_1_205' title='bbox 1154 4149 1199 4206; x_wconf 76' lang='lat' dir='ltr'>lv.</span> <span class='ocrx_word' id='word_1_206' title='bbox 1216 4166 1237 4205; x_wconf 86' lang='lat' dir='ltr'>c.</span> <span class='ocrx_word' id='word_1_207' title='bbox 1250 4141 1286 4204; x_wconf 74' lang='lat'>24</span> 
     </span>
     <span class='ocr_line' id='line_1_31' title="bbox 174 4223 647 4300; baseline 0.011 -17"><span class='ocrx_word' id='word_1_208' title='bbox 174 4226 239 4283; x_wconf 79' lang='lat' dir='ltr'>aian</span> <span class='ocrx_word' id='word_1_209' title='bbox 256 4225 423 4300; x_wconf 73' lang='grc' dir='ltr'>στοιχιιῶδη</span> <span class='ocrx_word' id='word_1_210' title='bbox 439 4223 647 4300; x_wconf 72' lang='grc' dir='ltr'>συγγράμματα.</span> 
     </span>
    </p>
   </div>
   <div class='ocr_carea' id='block_1_6' title="bbox 0 0 1422 4852">
    <p class='ocr_par' dir='ltr' id='par_1_6' title="bbox 0 0 1422 4852">
     <span class='ocr_line' id='line_1_32' title="bbox 0 0 1422 4852; baseline 0 4"><span class='ocrx_word' id='word_1_211' title='bbox 0 0 1422 4852; x_wconf 95' lang='lat' dir='ltr'> </span> 
     </span>
    </p>
   </div>
  </div>
 </body>
</html>
