2836 4852
445 275 501 334 Ab
524 273 769 336 AUTOLYCUM
791 275 866 336 mu.
889 276 912 335 1.
1212 274 1237 338 9

127 459 237 521 puram
265 458 337 502 esso
360 446 497 520 oportet.
543 447 640 514 Quum
663 447 759 522 igitur
782 446 942 506 exstiterit
964 461 1082 523 aerugo
1105 447 1136 505 iu
1160 463 1237 524 spo-

128 554 216 628 culo,
250 569 310 611 non
340 554 448 628 potest
477 555 617 630 conspici
644 554 777 613 bominis
808 556 916 615 vultus
947 555 978 612 in
1009 555 1157 630 speculo:
1194 557 1237 616 ita

128 678 219 735 quum
243 664 403 739 peccatum
427 663 469 720 sit
492 663 523 720 iu
553 662 694 731 bomine,
724 679 785 723 nou
815 665 922 739 potest
945 663 1107 738 quisquam
1130 661 1237 724 buius-

129 772 212 829 modi
244 771 354 830 videre
388 772 488 829 deum.
542 770 680 833 Ostende
713 774 810 850 igitur
841 773 992 848 teipsum,
1025 788 1065 830 an
1098 788 1159 832 nou
1192 773 1237 832 sis

128 879 293 956 moechus,
315 897 353 938 an
376 896 435 939 nou
459 881 503 939 sis
526 884 702 957 scortator,
735 898 774 940 au
795 898 857 940 non
882 882 926 940 sis
949 877 1017 957 fur,
1046 898 1085 940 au
1108 897 1169 941 non
1192 882 1236 941 sis

128 988 248 1064 praedo
256 1033 263 1065 ,
289 1005 328 1050 au
350 1005 411 1048 non
434 990 479 1048 sis
502 991 675 1067 spoliator,
701 1007 740 1049 an
763 1006 823 1049 non
847 991 891 1049 sis
914 1005 1084 1066 puerorum
1106 993 1236 1067 stupra·

129 1098 195 1173 tor,
226 1114 264 1156 an
294 1113 355 1156 nou
386 1099 430 1156 sis
457 1101 719 1166 contumeliosus,
749 1115 789 1158 au
820 1115 880 1158 uon
910 1100 955 1157 sis
978 1099 1166 1174 maledicus,
1196 1115 1235 1158 au

127 1221 189 1265 non
222 1208 407 1281 iracundus,
437 1224 474 1266 an
503 1225 564 1268 uon
586 1207 728 1283 invidus,
759 1224 799 1266 an
826 1224 887 1267 nou
908 1224 1078 1286 arrogans,
1113 1225 1150 1266 an
1174 1224 1236 1268 nou

128 1315 299 1394 superbus,
322 1332 360 1374 au
382 1332 443 1375 uou
465 1317 625 1394 litigator,
647 1335 686 1377 au
709 1334 769 1376 uon
793 1333 925 1392 avarus,
949 1334 986 1375 an
1010 1332 1070 1376 uon
1093 1318 1236 1392 parenti-

127 1425 187 1483 bus
209 1440 270 1482 non
291 1425 487 1500 obsequens,
510 1441 549 1483 an
571 1441 632 1484 nun
654 1425 788 1484 filiorum
809 1428 932 1484 tuorum
955 1425 1109 1483 venditor.
1152 1425 1238 1485 Haeo

128 1534 211 1590 enim
234 1532 286 1606 qui
308 1533 404 1607 agunt
427 1532 465 1588 iis
489 1532 566 1591 deus
589 1548 649 1590 nou
671 1534 820 1609 apparet,
843 1533 903 1591 nisi
923 1533 1011 1608 prius
1035 1549 1070 1591 se
1093 1527 1132 1591 ab
1155 1535 1237 1592 omui

126 1642 201 1700 labe
224 1640 481 1717 expurgaveriut.
526 1639 635 1714 Itaque
667 1643 759 1700 etiam
791 1641 847 1698 tibi
879 1642 978 1700 omnia
1009 1641 1157 1700 tenebras
1187 1642 1236 1700 iu·

128 1750 260 1824 ducunt,
291 1749 380 1807 velut
403 1748 430 1806 si
453 1748 560 1807 obstet
581 1749 691 1808 humor
719 1749 749 1806 in
771 1750 879 1809 oculos
902 1750 1052 1809 traiectus
1075 1747 1236 1825 quominus

128 1859 158 1916 iu
179 1859 279 1917 lucem
309 1856 387 1915 solis
411 1858 506 1934 defigi
536 1858 676 1933 possint:
707 1859 752 1917 sio
774 1859 866 1917 etiam
891 1858 964 1929 tibi,
995 1858 1145 1935 ohomo,
1177 1860 1236 1918 im·

128 1968 265 2043 pietates
288 1965 436 2026 tenebras
459 1966 606 2025 inducunt
629 1964 789 2040 quominus
810 1967 915 2042 possis
940 1966 1047 2026 videre
1069 1968 1169 2026 deum.

216 2077 244 2132 3.
275 2074 368 2134 Dices
390 2075 487 2151 igitur
507 2073 597 2132 mibi:
643 2076 688 2135 Tu
710 2076 761 2149 qui
784 2075 874 2134 vides
896 2091 990 2134 narra
1011 2072 1084 2134 mibi
1105 2075 1235 2136 formam

129 2184 183 2242 dei
211 2185 313 2257 qualis
343 2185 392 2243 sit.
445 2183 546 2259 Audi,
577 2199 605 2242 o.
626 2183 734 2242 homo:
778 2182 892 2242 Forma
921 2183 973 2241 dei
1005 2184 1174 2244 ineffabilis
1203 2187 1236 2244 et

129 2293 361 2370 inexplicabilis
382 2295 449 2366 est,
479 2308 557 2368 quae
583 2309 644 2352 uon
674 2293 782 2368 potest
812 2292 911 2352 oculis
933 2294 1096 2370 corporeis
1123 2294 1234 2354 videri.

198 2558 240 2611 12.
260 2553 393 2627 ἀπαθής]
411 2558 515 2611 wolfius
530 2558 589 2610 dicit
602 2559 666 2610 fuis·
700 2558 772 2619 nuit,
792 2559 832 2607 est
849 2555 892 2606 iila
911 2555 1040 2606 oculorum
1059 2558 1175 2624 morbus,
1194 2561 1236 2627 qui

128 2659 157 2696 sc
176 2645 257 2696 virum
276 2645 375 2698 doctum
401 2647 444 2710 qui
469 2644 556 2709 tegere
580 2642 667 2694 mallet
700 2642 730 2693 ab
743 2642 876 2692 humorum
889 2652 1025 2708 pravorum
1037 2641 1135 2692 influxu
1148 2646 1174 2693 ct
1188 2643 1236 2695 iur-

130 2722 262 2799 ἆπειθῇς.
297 2731 349 2783 Sed
375 2734 488 2800 praestat
511 2731 537 2780 in
563 2732 666 2794 recepta
701 2726 834 2794 pressione
853 2725 948 2776 oritur:
968 2723 1034 2791 quod
1053 2725 1092 2776 uel
1110 2726 1236 2779 exPaoio

128 2815 239 2867 lectione
258 2799 437 2883 acquiescere,
466 2815 523 2881 quia
547 2815 601 2880 ipsa
624 2813 666 2864 illa
701 2811 827 2876 Aegiueia
844 2808 888 2861 111).
903 2809 942 2860 111
961 2813 1046 2875 patet,
1066 2809 1107 2862 ubi
1126 2809 1156 2862 de
1174 2825 1236 2864 ocu-

128 2899 230 2965 phrasis
255 2915 269 2952 a
294 2899 434 2966 Theophilo
461 2904 542 2952 sumta
567 2899 666 2951 videtur
700 2895 781 2947 lorum
800 2895 852 2960 agit
870 2894 1014 2962 epiphoris,
1037 2910 1099 2963 quas
1116 2895 1236 2950 disertius

132 2983 254 3037 exlium.
274 2984 350 3051 1,3u
371 2984 510 3037 ethim.
531 2984 598 3050 3,2.
626 2983 665 3036 Cf.
700 2975 752 3041 τοὶς
770 2981 827 3032 τῶν
851 2976 999 3047 ῥευμάτων
1024 2975 1164 3047 irripuerit,-
1191 2997 1235 3049 cp-

129 3082 154 3117 n.
173 3065 216 3119 iu.
263 3129 265 3133 v
360 3106 363 3110 »
589 3127 595 3137 ,
699 3063 785 3132 pellat.
802 3065 836 3116 Η.
855 3063 1173 3135 Stcpbauusquxpcsit.
1190 3079 1236 3117 vo-

199 3153 238 3205 13.
266 3151 403 3206 τὰτέκνα
422 3170 473 3206 σου
492 3153 603 3222 πωλεῖς]
628 3153 665 3205 Ea
700 3150 843 3201 cabalorum
864 3149 1016 3202 medicorum
1034 3164 1060 3216 p.
1073 3149 1139 3201 521:
1156 3146 1235 3202 Ἑπι-

128 3238 160 3290 dc
179 3253 207 3290 rc
223 3239 544 3293 consolasPuiendorfiuur
558 3241 665 3291 Deturc
701 3231 780 3301 popei
799 3233 878 3295 lotoe
907 3231 956 3287 ἐπὶ
979 3228 1138 3301 ὀφθαλμῶν
1163 3232 1236 3303 λέγε-

127 3328 235 3375 naturae
254 3324 297 3376 lib.
313 3326 355 3379 Vi.
376 3341 397 3377 c.
414 3325 440 3376 2.
460 3325 517 3392 §.9
544 3328 570 3376 ct
597 3323 666 3376 Gro-
700 3338 762 3385 ται,
788 3316 903 3372 ἐπειδὰν
924 3313 994 3386 μετὰ
1013 3322 1171 3389 φλεγμονῆς
1188 3339 1236 3389 με-

128 3407 191 3460 tium
210 3408 248 3460 Dc
267 3409 322 3461 iure
348 3410 407 3462 belli
435 3414 460 3461 ei
483 3401 553 3477 'pacis
571 3407 665 3460 libii.
700 3405 796 3474 pleone
813 3403 860 3457 noi
879 3400 1018 3472 ῥεύματος
1033 3407 1144 3473 πλῆθος
1160 3404 1235 3476 irrep-

128 3507 150 3544 o.
167 3493 191 3544 5.
212 3491 236 3560 §.
253 3493 277 3545 5¹.
599 3482 602 3490 ‘
701 3487 758 3560 ῥέῃ.
1036 3530 1039 3535 -

198 3576 240 3629 14.
273 3574 392 3640 ἑαυτούς
506 3575 665 3646 μολυσμοῦ]
771 3573 812 3626 16.
843 3571 926 3641 πρὸς]
960 3575 1038 3628 Gesn.
1067 3576 1133 3629 Feli.
1161 3577 1236 3631 wolf.

129 3659 396 3728 Golt.2cor.7,1.
448 3707 450 3710 .
700 3656 756 3726 πρὸ
775 3659 906 3716 mendose.

199 3747 241 3798 15.
268 3743 403 3816 ἐπιφορὰ]
430 3747 522 3800 Nescio
547 3763 593 3800 cur
611 3748 665 3798 Du·
771 3744 813 3795 17.
840 3737 941 3811 οὕτως]
969 3745 1048 3812 Veu.;
1067 3747 1132 3812 vulg.
1152 3743 1236 3802 οὕτω.

129 3846 215 3897 cacus,
236 3847 342 3899 quocum
358 3834 424 3886 Mor.
444 3837 470 3884 ct
483 3833 549 3884 Fctl.
562 3831 665 3897 faciunt,
700 3831 760 3882 Mox
779 3830 840 3882 Vcn.
860 3835 886 3882 et
903 3830 976 3882 Bou
996 3824 1085 3884 vitiose
1111 3831 1160 3898 ori,
1185 3846 1236 3884 nou

129 3916 156 3966 in
175 3911 283 3982 ἐκφορὰ
301 3917 444 3970 ruutaverit.
474 3915 520 3967 iila
541 3916 616 3966 lectio
637 3915 666 3965 ab
701 3914 758 3966 coi.
785 3914 835 3966 lum
854 3916 880 3966 iu
898 3915 1014 3982 principe
1032 3916 1142 3969 editione
1160 3915 1236 3967 lectio

129 4003 239 4068 utroque
258 4000 312 4054 cod.
332 4005 397 4053 msto
416 3999 593 4068 suppeditatur
612 4002 666 4051 eta
702 4003 831 4065 comparet
848 3999 965 4064 genuina.

129 4087 241 4138 caeteris
267 4087 407 4140 editoribus
434 4084 513 4151 probe
540 4087 665 4136 servatur.
778 4082 802 4133 1.
835 4077 1032 4150 ἄνέκφραστόν
1065 4077 1155 4145 ἐστιν,
1186 4075 1236 4150 μή]

130 4163 272 4237 Ἐπιφοροὶ
291 4173 368 4237 enirn,
387 4174 415 4221 ut
433 4169 479 4221 iarn
494 4166 598 4220 wolfius
613 4180 667 4220 mo·
704 4167 765 4218 Ven.
795 4169 821 4217 ct
847 4167 937 4232 Boou,
967 4168 1015 4218 nisi
1043 4163 1109 4231 quod
1137 4165 1163 4218 in
1189 4166 1237 4218 boc
