2836 4852
433 305 489 365 Ab
514 304 915 369 senoniensium.
1171 308 1232 377 133

119 476 161 534 tis
188 475 361 538 eius‘esse.
406 474 471 534 Nec
494 478 699 538 immortalem
730 480 826 554 igitur
856 497 924 540 eum
953 480 1028 540 fecit
1060 499 1116 541 nec
1145 499 1231 543 mor·

119 584 231 660 talem,
262 585 334 658 sed,
363 587 397 644 ut
426 602 524 661 supra
553 587 706 666 diximus,
737 605 883 664 capacem
914 590 1092 665 utriusque:
1124 593 1173 669 ut,
1194 592 1231 652 'si

119 693 160 753 ad
187 710 226 752 ea
250 690 389 752 ferretur
417 711 498 768 quae
526 695 640 754 ducunt
671 697 711 754 ad
741 697 1023 775 immortalitatem,
1054 699 1229 760 observans

119 794 295 861 mandatum
326 804 391 880 dei,
427 805 600 870 mercedem
630 804 670 862 ab
700 821 737 865 eo
771 807 930 882 acciperet
962 807 1228 867 immortalitatem

119 910 152 969 et
174 894 259 971 vdens
287 912 395 988 fleret,
426 914 453 971 si
480 929 557 973 vero
591 913 775 973 deflecteret
804 916 844 974 ad
872 924 909 974 ea
941 933 1021 991 quae
1050 917 1164 976 ducunt
1194 917 1227 977 in

118 998 264 1097 mortem,
294 1037 355 1080 non
378 1021 529 1084 obediens
553 1023 629 1098 deo,
651 1024 728 1098 ipse
759 1024 818 1082 sibi
849 1026 958 1085 mortis
986 1028 1097 1085 auctor
1129 1028 1226 1085 esset.

117 1126 262 1188 Liberum
286 1130 366 1189 euim
390 1132 421 1188 et
443 1131 490 1189 sui
514 1131 592 1190 iuris
612 1131 689 1191 fecit
710 1133 787 1192 dens
812 1133 974 1194 bominem.
1020 1135 1108 1203 Quod
1131 1135 1228 1210 igitur

117 1237 178 1297 sibi
207 1239 276 1313 ipse
301 1240 494 1316 negligentia
526 1241 558 1298 et
588 1241 799 1309 inobedientia
829 1241 1057 1319 accersiverat,
1088 1243 1119 1302 id
1149 1243 1227 1302 deus

116 1430 197 1482 rogen
233 1418 353 1485 (interpr.
389 1418 495 1485 Camp:
531 1422 652 1488 bereitet)
690 1437 736 1489 qua
757 1422 842 1489 paullo
861 1427 919 1475 ante
938 1423 1038 1477 locutus
1057 1430 1120 1492 erat,
1141 1438 1227 1476 aecer·

116 1502 194 1566 batte,
216 1501 260 1551 das
277 1502 416 1565 schenkl
432 1504 482 1553 ihm
496 1519 547 1553 nun
563 1503 653 1555 Gorrr‘
690 1508 788 1569 sivisse,
808 1506 873 1572 quod
890 1522 957 1559 nunc
971 1524 1003 1561 eu
1019 1509 1100 1575 gratia
1114 1509 1150 1561 illi
1166 1523 1227 1561 con-

116 1584 266 1650 l'hienern.,
293 1601 324 1635 ne
348 1587 474 1636 sententia
497 1601 583 1637 secum
607 1602 655 1654 pu·
690 1587 768 1640 donet
791 1589 870 1657 deus,
897 1593 919 1642 si
943 1593 1017 1644 borno
1042 1594 1092 1659 ipsi
1116 1590 1226 1647 obediat.

115 1672 209 1735 guarel
227 1669 325 1735 („deun
346 1684 396 1720 was
415 1669 461 1722 der
476 1672 582 1723 Menscb
601 1673 655 1723 sich
690 1673 760 1724 Haec
789 1678 871 1726 autem
899 1674 1018 1729 disertius
1051 1679 1077 1729 io
1109 1678 1227 1744 sequenti

52 1774 55 1779 ·
117 1748 198 1805 selbst
221 1768 314 1819 zazou,
341 1754 409 1805 batte
428 1754 492 1806 (icit
515 1756 585 1807 nicht
608 1758 654 1808 nb·
688 1756 793 1824 periodo
819 1759 942 1826 explieat,
970 1765 1109 1816 inertem
1132 1762 1226 1813 iterum

117 1839 177 1903 lbig
195 1839 245 1890 ihm
271 1836 325 1890 erst
347 1841 413 1903 noch
432 1856 463 1891 zu
482 1841 653 1908 schenken“),
688 1856 896 1906 commemorans,
917 1859 990 1910 quarn
1009 1846 1083 1897 treme
1099 1844 1147 1898 sibi
1163 1857 1226 1897 een-

116 1913 246 1977 transtulit
269 1924 321 1975 sie:
347 1925 425 1991 „Was
452 1940 479 1976 er
500 1926 554 1976 sich
579 1930 651 1978 ent·
688 1929 803 1992 traxerit,
824 1930 850 1978 et
869 1927 977 1979 madium
996 1928 1142 1995 significans
1161 1929 1186 1980 la.
1202 1943 1225 1981 e.

117 2025 195 2074 aeg,
213 2008 257 2059 das
276 2009 384 2061 schenkl
402 2010 452 2083 ihm
472 2009 562 2062 Gotrr‘
600 2010 653 2062 Sed
688 2009 855 2062 obedientiam
874 2026 919 2067 scu
938 2011 1078 2078 legitimum
1096 2012 1234 2064 liberter-r

117 2095 175 2146 huie
207 2093 365 2145 translationi
396 2094 479 2146 obstat
510 2090 531 2146 i.
557 2112 651 2162 περιε-
687 2095 756 2147 bitrii
782 2095 870 2162 usum,
895 2111 945 2164 qno
970 2097 1047 2149 vitam
1071 2097 1118 2150 sibi
1138 2098 1225 2150 couci-

117 2172 254 2248 ποιήσατο
276 2179 326 2243 (Ιο.
341 2175 584 2248 Βοιο.·ἐοοίησε’ν),
602 2181 652 2233 sibi
687 2180 749 2232 liare
773 2194 819 2246 per
837 2180 877 2232 dei
896 2182 1000 2246 gratiam
1020 2183 1109 2251 possit.
1145 2187 1224 2234 Δω·

117 2267 337 2332 comparauerct;
355 2265 389 2314 ila
410 2277 484 2315 mox:
504 2260 650 2332 περιποιή-
673 2266 836 2331 'petetur
856 2268 882 2316 et
900 2266 1029 2318 demere
1046 2265 1112 2318 idern
1127 2267 1169 2318 bic
1185 2268 1225 2317 est
1244 2290 1246 2294 ·

116 2351 222 2400 οοιοθαι
242 2345 332 2415 ἑαυτῷ
357 2336 408 2415 triv
429 2345 548 2401 αἰώνιον
567 2345 650 2416 ζωήν.
687 2347 753 2413 quod
773 2348 858 2400 Latini
877 2349 938 2399 alias
958 2348 1045 2401 dicunt
1062 2340 1223 2403 condonare}

115 2434 280 2486 Heumannus
313 2433 421 2500 (Poecil.
446 2434 475 2486 Τ.
497 2437 516 2486 l.
542 2451 567 2503 p.
587 2434 650 2501 514)
688 2433 730 2483 Sic
750 2430 840 2491 Cicero
864 2431 924 2484 dicit
949 2435 1050 2484 donare
1068 2433 1223 2484 alacaston-

116 2518 223 2570 conieeit
240 2516 375 2583 legendum
387 2510 425 2570 ‘¹0
440 2514 492 2584 οὔχ
510 2520 569 2585 (pre
586 2509 650 2585 οὖν)
687 2518 816 2581 miciliae,
834 2532 881 2568 cea
900 2517 1035 2581 alienum,
1053 2515 1158 2569 Ovidius
1176 2518 1224 2568 do-

116 2600 207 2672 ἓαοοῷ
224 2620 284 2666 περ.
304 2601 344 2653 rel
361 2601 461 2668 potius,
475 2606 510 2653 'ut
527 2604 651 2655 connexio
688 2617 754 2654 ruore
773 2601 891 2668 errlpam,
916 2600 1036 2652 Lucanus
1050 2603 1157 2653 doraore
1176 2615 1224 2651 ne-

115 2691 243 2753 serrctur‚
259 2679 298 2738 ‘⁸0
316 2676 368 2738 cdv
387 2682 477 2755 ἑαυτῷ
493 2681 527 2738 uo’
543 2704 602 2751 περ.
619 2703 651 2733 =
685 2687 738 2754 fos.
777 2685 859 2737 Simili
885 2686 984 2736 ratione
1009 2684 1105 2736 Paulus
1124 2684 1223 2737 coloss.

114 2770 207 2837 „Quod
224 2773 299 2823 bomo
318 2772 373 2835 ipse
392 2771 441 2823 sibi
459 2786 525 2823 non
551 2785 651 2837 compa·
685 2769 711 2835 2,
732 2769 763 2820 13
782 2767 856 2821 deum
874 2768 1097 2834 attractabatur
1115 2764 1151 2820 τοὶ
1169 2784 1223 2820 ποι-

115 2858 191 2922 rarit,
208 2855 232 2906 id
250 2857 273 2908 ei
286 2871 353 2908 nune
367 2855 444 2907 donat
462 2855 553 2907 deus.“
584 2857 651 2924 Spe·
687 2851 875 2920 ραπτώματοι,
904 2852 935 2905 ad
954 2868 1028 2919 quern
1047 2852 1128 2905 locum
1154 2865 1222 2905 ccm-

39 2945 42 2950 '
115 2942 178 2993 ciem
204 2940 281 2991 habet
306 2943 369 2992 baec
400 2942 561 3009 coniectura,
587 2932 660 3010 quae'
685 2953 760 3006 pares
790 2938 876 2990 Grotii
906 2937 1091 2990 adnotationes.
1133 2939 1222 3006 ltaque

113 3024 199 3077 Noltio
226 3039 326 3092 queque
350 3025 447 3093 placet,
473 3027 517 3078 sed
540 3042 572 3078 ex
596 3043 650 3080 mea
686 3039 806 3078 sensus
832 3026 887 3074 est:
914 3023 1155 3076 denmrccudonare
1174 3023 1222 3074 lie-

115 3112 240 3161 sententia
266 3125 316 3162 non
341 3109 416 3162 talem
436 3126 499 3178 qnae
519 3126 649 3164 assensum
687 3110 746 3160 mini
770 3110 866 3160 crimen
892 3109 1094 3175 promeritasque
1118 3120 1223 3176 peenas,

115 3198 273 3262 extorqueat.
310 3195 467 3261 Theophilus
485 3196 526 3247 bic
544 3198 651 3266 opponit
687 3192 816 3259 quaesibi
836 3187 989 3258 negligentia
1009 3195 1035 3244 el
1052 3189 1222 3244 inobedientia

115 3279 162 3330 sibi
182 3280 288 3330 invicem
316 3294 344 3330 ea
362 3295 433 3345 -quae
452 3281 526 3331 bomo
552 3281 600 3332 sibi
619 3280 651 3330 li·
686 3281 857 3330 contraxerat.
876 3307 909 3316 -
943 3270 994 3331 Pro
1014 3278 1099 3330 τοῦτο
1120 3271 1135 3330 ὁ
1153 3273 1223 3336 θεὸς

116 3363 171 3414 beri
198 3362 296 3415 arbitrii
322 3363 400 3414 abusu
426 3363 489 3414 male
513 3365 652 3416 conciliarit
686 3358 764 3430 ου’τῷ
781 3362 844 3416 vovi
869 3362 1035 3429 (christiana
1053 3360 1156 3429 celate)
1178 3361 1223 3414 Ιο-

114 3462 161 3517 pro
178 3449 262 3511 bonis,
282 3453 308 3500 et
327 3463 388 3516 quae
404 3448 468 3499 deus
483 3448 531 3514 ipsi
547 3463 578 3500 ex
592 3463 650 3513 gra·
686 3462 745 3498 ann.
765 3447 837 3498 Dare.
862 3445 924 3512 legit
950 3448 1036 3499 τοῦτο
1057 3441 1135 3514 αὐτῷ
1152 3445 1222 3512 γοῦν

113 3533 148 3585 tia
165 3533 288 3598 largiatur
306 3533 380 3598 bona,
400 3533 530 3599 speciatim
546 3533 653 3585 immor·⁴
687 3529 790 3596 (Billius
809 3544 855 3597 pre
872 3529 943 3594 γοῦν
969 3530 994 3581 ln
1018 3544 1065 3581 sue
1084 3529 1223 3596 exemplari

113 3618 253 3681 talliatam,
277 3633 398 3676 concessa
418 3618 516 3670 seilicet
533 3618 650 3670 facultate
686 3615 786 3681 legebat
804 3612 876 3676 vovi,
896 3615 960 3680 quod
982 3631 1014 3666 ex
1033 3615 1087 3667 eius
1102 3615 1223 3666 versione

113 3704 256 3769 praeceptis
281 3701 374 3754 divinis
399 3701 541 3753 obediendi.
578 3703 650 3754 Hanc
686 3699 781 3766 liquet)
801 3693 815 3750 ὁ
837 3692 913 3765 bado.
950 3698 1019 3750 ldem
1040 3713 1127 3750 vocem
1146 3699 1222 3759 rarae

113 3803 170 3839 esse
186 3791 296 3839 mentem
312 3787 443 3853 Theophili
457 3790 527 3852 patet
542 3800 574 3837 ex
590 3800 650 3839 sen·
687 3784 778 3836 omisit.
807 3785 869 3836 Ven.
889 3782 1220 3837 BoleesnDucltlcr.

113 3871 193 3922 tentia
212 3870 309 3923 addita:
329 3869 469 3937 Καθάπερ
488 3860 539 3936 peip
558 3888 651 3936 naon·
686 3869 751 3920 lllar.
775 3883 821 3936 pro
848 3863 1046 3929 ὑπακούοντος
1070 3863 1147 3938 αὐτῷ
1169 3867 1221 3920 τοῦ

113 3951 218 4016 undeno
250 3971 330 4022 usque
360 3955 389 4006 ad
425 3951 543 4008 αἰώνιον
568 3951 650 4023 ζωήν.
687 3949 858 4019 ἀνθρώπου,
882 3954 948 4022 qued
972 3955 1061 4006 loanni
1085 3954 1155 4005 Dam.
1176 3950 1221 4003 de·

113 4040 176 4092 Nam
203 4041 228 4090 in
252 4040 380 4107 prioribus
407 4041 546 4106 generatim
567 4043 652 4093 monet
687 4039 750 4101 beo,
776 4039 865 4089 vitiose
883 4040 1008 4108 praebent
1024 4032 1222 4094 ὑπακούοντας

113 4124 241 4176 bominem
260 4124 307 4177 sibi
325 4125 421 4176 incuria
441 4128 466 4177 et
482 4124 653 4177 inobedientia
689 4113 765 4192 ου’ἑῷ
790 4119 856 4184 reric
884 4118 1063 4190 ἀνθρώπους.
1105 4119 1227 4197 Felbet.

115 4223 159 4259 sua
178 4207 237 4261 mali
252 4209 322 4275 quid,
341 4203 431 4277 nempe
451 4213 603 4276 mertem,
622 4208 652 4261 de
688 4207 763 4260 Wolf.
781 4207 862 4274 (iuxta
877 4207 991 4261 Clauseri
1003 4203 1160 4276 versionem)
1176 4203 1221 4258 de-
