2836 4852
463 247 520 310 AD
543 245 788 310 AuuoLYcUM
810 246 887 312 LIB.
910 247 948 311 11.
1200 247 1262 313 143

127 458 134 464 υ
154 416 239 480 Meet
262 415 488 496 Maleuentum,
518 428 547 480 at
580 417 757 481 Muttarato
781 415 972 507 Lamachum.
1019 415 1189 480 Mareotae
1209 441 1264 483 au·

154 536 212 590 tem
243 527 320 589 daos
348 528 406 588 eidi
435 547 547 588 uxorea
569 530 708 607 accepit,
739 547 863 608 quaram
884 527 1008 584 nomina
1032 525 1104 588 Aua
1127 539 1156 589 et
1180 529 1263 593 Sota.
1321 577 1329 589 .

154 638 220 698 lloo
251 637 310 698 luit
333 638 452 698 initium
483 654 614 699 uxorum
636 639 858 713 multitudinis,
888 639 979 696 immo
1002 639 1095 698 etiam
1118 640 1264 701 musicae.

151 747 229 807 Nam
260 747 416 807 lameoho
446 749 512 806 nati
541 752 613 808 sunt
642 747 804 823 tresidii,
832 746 912 805 0bel
936 745 1025 806 lnbal
1048 744 1178 808 'lhobeh
1222 749 1265 810 at

156 855 233 918 obet
261 856 383 937 parietem
410 857 457 918 oia·
485 858 549 934 fuit
582 858 615 915 in
643 854 847 917 intumueritis
873 874 967 934 pecua
995 857 1145 922 nutriam,
1179 855 1267 919 ludat

153 974 252 1027 autem
286 967 312 1027 ir
341 973 386 1026 est
414 964 466 1044 qui
492 963 672 1043 psalterium
699 974 728 1026 et
750 964 900 1026 citharam
921 965 1117 1034 monstrauit,
1152 958 1267 1028 thobel

152 1077 216 1155 fuit
241 1075 331 1154 faber
360 1075 439 1134 aeris
467 1081 497 1134 et
524 1075 611 1152 ferri.
656 1074 812 1134 llaolenue
840 1074 935 1154 igitur
963 1075 1147 1135 recensetur
1178 1073 1265 1132 Caini

153 1167 272 1260 genus:
302 1184 454 1258 reliquam
483 1185 560 1243 eiusx
580 1185 763 1260 progeniem
787 1184 906 1245 oblivio
930 1183 1068 1258 delevit,
1100 1183 1171 1257 quia
1196 1182 1265 1245 fra·

153 1295 233 1354 trem
256 1310 343 1356 suum
367 1293 490 1354 oooidit.
527 1292 562 1350 ln
585 1294 686 1353 looum
707 1295 810 1356 autem
832 1292 943 1352 Abelis
967 1292 1053 1350 dedit
1077 1292 1155 1350 deus
1177 1289 1266 1352 Evae

153 1405 189 1462 ut
211 1403 393 1479 eonoiperet
416 1405 449 1461 et
470 1404 601 1477 pareret
623 1403 738 1479 filium,
769 1402 822 1476 qui
845 1401 922 1459 Seth
945 1400 1127 1476 appellatus
1150 1402 1215 1459 est:
1247 1416 1267 1462 a

154 1528 216 1588 quo
241 1513 393 1585 reliquum
415 1508 570 1569 hominum
587 1527 697 1585 genus
725 1508 826 1569 adhue
849 1510 1054 1586 propagatur.
1098 1507 1141 1568 lis
1164 1509 1267 1570 autem

153 1622 208 1696 qui
233 1620 344 1679 volunt
367 1620 399 1677 et
420 1619 561 1678 discendi
577 1619 686 1704 eupidi
718 1619 790 1678 sunt
818 1620 911 1679 etiam
941 1616 1144 1684 deomnibus
1166 1632 1266 1694 gene-

154 1730 331 1790 rationibus
355 1726 456 1787 iaoile
480 1730 529 1786 est
558 1743 719 1804 exponere
748 1743 809 1803 ope
830 1729 1006 1787 sanctarum
1030 1727 1267 1804 seripturarum.

154 1838 278 1898 Etenim
310 1837 416 1912 aliqua
449 1853 487 1896 ex
519 1840 651 1914 partae
675 1833 848 1897 nobisiam
876 1834 959 1894 iaota
983 1837 1033 1893 est
1055 1836 1212 1911 expositio
1236 1835 1268 1893 iu

157 1949 219 2011 alio
243 1948 343 2023 libro,
373 1948 407 2007 ut
436 1962 532 2021 supra
563 1945 711 2022 diximus,
742 1957 853 2020 nempe
884 1945 1089 2020 genealogiae
1113 1944 1215 2006 series
1236 1943 1268 2003 in

156 2058 257 2134 primo
280 2057 363 2117 libro
388 2051 432 2114 vde
456 2054 597 2115 historiis
621 2056 745 2130 agente.
789 2054 1007 2127 llaeeautem
1040 2053 1141 2114 omnia
1174 2053 1267 2112 dooet

156 2183 215 2226 nos
238 2167 368 2242 spiritns
392 2166 536 2239 sanatus,
567 2164 619 2238 qui
648 2180 707 2240 per
729 2164 837 2224 Mosen
868 2166 900 2222 et
923 2165 1067 2223 caeteros
1091 2161 1267 2238 prophetae

157 2277 282 2336 loeutus
304 2278 371 2351 est,
393 2276 438 2333 ita
462 2278 495 2334 ut
517 2277 655 2348 nostrae,
679 2275 732 2348 qui
754 2274 843 2334 deum
867 2273 1008 2349 colimus,
1030 2272 1144 2331 literae
1168 2270 1268 2329 omui-

157 2386 216 2445 bus
238 2385 398 2444 historiois
422 2387 453 2442 et
475 2384 580 2461 poetis
604 2361 900 2456 antiquioressint:
932 2383 1022 2440 immo
1046 2381 1138 2439 etiam
1158 2379 1268 2437 verio-

157 2509 210 2555 res
234 2495 494 2554 demonstramus.
539 2491 689 2550 Proiecto
720 2490 803 2565 quod
831 2491 871 2548 ad
900 2491 1047 2549 musicam
1077 2489 1190 2547 attinet
1217 2489 1269 2546 iu-

158 2606 321 2685 ventorem
350 2605 419 2665 eius
447 2603 627 2680 Apollinem
658 2599 757 2660 fuisse
788 2599 929 2658 nonnulli
958 2598 1066 2674 nugati
1096 2597 1185 2670 sunt;
1215 2593 1270 2656 alii

160 2896 243 2945 auteur
262 2893 374 2947 libellum
394 2899 452 2948 ante
472 2894 534 2947 dnos
552 2895 618 2958 illos,
638 2898 695 2964 qui·
731 2895 772 2949 1e.
793 2894 1007 2960 n.8observata.
1044 2896 1125 2966 Verba
1151 2897 1204 2965 τῆς
1222 2914 1268 2965 ye-

159 2979 206 3032 bue
230 2979 304 3033 hodio
325 2985 353 3032 ut
374 2979 502 3048 prioribus
520 2982 648 3046 iungitur,
669 2988 696 3034 et
730 2983 876 3052 aeoloytog
902 2980 920 3052 ἡ
952 2980 1032 3048 τάξις
1063 2983 1178 3050 apposita
1208 2985 1271 3034 sunt

158 3065 284 3133 seriptum
312 3069 338 3117 el
359 3066 485 3130 Autolyco
510 3067 613 3118 missurn
637 3083 696 3120 esse
731 3067 918 3137 quihusltdyog
932 3067 1087 3136 praecedens
1103 3066 1270 3134 explanatore

159 3150 248 3202 statuit
266 3150 325 3202 olim
343 3152 425 3202 Henr.
441 3151 625 3206 llodwellue'in
642 3152 696 3204 dis·
731 3154 813 3222 „alibi
836 3170 864 3206 ea
890 3154 921 3206 de
947 3169 977 3206 re
1002 3152 1127 3221 disputavi
1147 3153 1270 3204 hauriens

159 3236 298 3287 sarlatione
319 3252 365 3288 ms.
382 3252 430 3305 qua
448 3238 552 3289 alterius
568 3239 695 3291 cuiusdam
731 3255 764 3290 ex
788 3240 857 3291 tonte
882 3241 1025 3309 scripturae
1050 3253 1137 3290 sacrae
1163 3232 1225 3302 (daei
1242 3254 1272 3289 rr

160 3319 295 3386 'theophili
311 3322 378 3373 hune
396 3323 491 3374 loetum
509 3339 567 3374 esea
585 3325 695 3393 probare
732 3318 773 3391 ἀγ.
792 3327 906 3392 poam),
926 3340 1017 3391 nempe
1036 3323 1197 3390 genealogiae
1217 3323 1273 3383 illie,

160 3404 280 3456 instituit.
310 3406 399 3458 Simile
419 3405 637 3474 quidsuspieatus
657 3412 697 3459 est
730 3412 853 3478 proposui
870 3411 978 3475 seriem,
1009 3423 1072 3474 qnae
1092 3409 1117 3458 in
1136 3408 1269 3474 primoli·

160 3487 270 3540 Grabius
293 3490 319 3540 in
338 3490 475 3557 spicilegio
494 3491 598 3543 Petrum
617 3492 646 3542 T.
663 3485 696 3542 ll.
731 3493 775 3546 bro
802 3493 833 3544 de
859 3493 974 3546 historiis
993 3496 1138 3562 exponente
1157 3492 1219 3545 tuo.
1239 3493 1270 3544 io

159 3586 186 3638 p·
204 3571 265 3625 aab.
302 3575 387 3642 atque
412 3575 471 3627 huie
495 3577 637 3627 sententiae
663 3576 696 3627 li·
728 3580 817 3645 primo
834 3579 918 3630 Moris
938 3577 1004 3628 libro
1023 3577 1137 3628 exstat.“
1231 3571 1233 3574 ’

157 3658 307 3710 beatissime
326 3659 488 3727 secederem,
514 3663 563 3712 nisi
582 3663 697 3714 obstaret
800 3661 840 3713 10.
859 3659 999 3726 Μωσέως]
1020 3661 1101 3724 ltligu.
1118 3661 1225 3718 mutavit
1242 3661 1269 3712 in

158 3741 229 3794 loeus
244 3744 378 3811 Theophili
394 3746 436 3796 lib.
451 3745 486 3796 lll
503 3745 536 3813 [o.
552 3744 598 3812 19]
614 3747 638 3813 ς
654 3745 697 3813 18,
732 3743 887 3811 Medates,
907 3745 1034 3797 codicibus
1054 3759 1104 3796 non
1123 3747 1269 3798 assentien-

159 3825 203 3879 ubi
229 3827 361 3895 δεύτερον
386 3826 475 3896 τόμον
499 3846 571 3882 soum
598 3833 697 3898 allegat,
730 3833 808 3884 tibus.
854 3831 991 3884 caeterum
1016 3830 1056 3884 adi
1082 3831 1126 3883 lib.
1147 3831 1169 3882 1.
1197 3847 1220 3884 e.
1243 3824 1269 3882 9.

159 3911 202 3978 qm
220 3913 264 3964 vu
289 3913 319 3966 aa
339 3916 402 3979 auo,
429 3932 501 3983 quam
528 3916 614 3968 libello
639 3919 697 3987 nac,
731 3931 756 3968 n.
775 3901 820 3967 1³.¹

160 3996 248 4048 ordine
261 4000 372 4050 secundo
386 4001 495 4067 intelligi
508 4004 602 4068 polest.
627 4002 697 4054 con·
801 4000 842 4053 11.
859 3994 1024 4068 Ἀπόλλωνα]
1046 3999 1139 4067 Apollo
1157 3997 1267 4050 Admeto

158 4080 199 4132 ier
220 4081 288 4134 aliud
305 4083 450 4136 huiusmodi
469 4085 628 4152 exemplum:
654 4086 697 4139 lib.
732 4085 823 4155 dieitur
847 4086 997 4139 inserviisse
1021 4086 1064 4152 qui
1089 4085 1158 4136 inter
1182 4072 1269 4155 Λὴ-

159 4163 198 4216 lll
219 4165 254 4234 [o.
273 4166 301 4234 3]
327 4166 354 4234 §.
372 4169 418 4224 3.““
454 4169 527 4224 Adde
544 4169 589 4223 lib.
608 4168 655 4224 111:
675 4186 697 4224 e.
732 4177 821 4226 nautae
839 4175 997 4239 numeratur,
1016 4150 1268 4239 quemadmodum'et
