2836 4852
377 851 654 918 1ΘΕΟΦΙΛΟΥ
677 857 795 915 ΠΡΟΣ
823 857 1124 915 ΑΥΤΟΛΥΚΟΝ.
1215 876 1218 883 ·

683 1135 764 1200 2ΤΟ
786 1144 824 1198 Α.

200 1317 228 1376 1.
337 1302 472 1387 ταμύλον
494 1302 548 1385 μέν
571 1296 628 1366 οὖν
651 1304 744 1384 στόμα
773 1306 821 1368 καὶ
852 1304 963 1386 φράσις
986 1301 1093 1383 εὐεπὴς
1125 1306 1229 1387 τέρψιν
1251 1297 1355 1417 ιτα-(ξ’9

198 1420 273 1504 piper
295 1417 344 1482 orob
367 1417 490 1481 ένιοινον
521 1410 596 1495 πρὸς
618 1411 709 1495 ιιενήν
740 1412 829 1491 δόξαν
858 1409 976 1488 α’θλέοις
1002 1410 1181 1499 α’νθροέποις
1209 1416 1363 1516 έχουσιρῑ

197 1527 251 1593 τέο
273 1530 349 1593 νοῦν
371 1527 637 1606 κατεφθαρμένον·
666 1519 685 1586 ὅ
710 1523 742 1587 lt
763 1529 817 1603 τῆς
842 1518 984 1602 dimittier
1006 1523 1131 1604 έρασιῆς
1155 1520 1193 1586 ου’
1214 1543 1305 1605 προο-

197 1640 254 1720 έχετ
283 1633 382 1718 λόγοις
410 1633 659 1713 4μεμιαμμένοις,
694 1629 766 1697 ἄλλα
798 1629 921 1708 ἐξετάζει
951 1633 984 1695 rc*
1016 1635 1102 1716 έργον
1132 1637 1186 1697 τοῦ
1215 1628 1305 1715 λόγον

197 1751 225 1809 τέ
250 1747 300 1809 καὶ
332 1743 441 1808 ὁποῖόν
469 1745 557 1806 ἐστιν.
602 1737 743 1818 ὃἘπειδὴ
774 1735 846 1818 οὖν,
878 1733 903 1804 οἶ
926 1742 1038 1824 ἑταῖρε,
1070 1741 1250 1822 κατέπληξᾶς
1272 1765 1306 1822 με

267 1983 292 2034 1.
323 1981 520 2034 ΘΕΟΦΙΑΟῬ
542 1982 648 2034 ΠΡΟΣ
670 1985 733 2035 ΛΤ·
838 1981 862 2032 3.
890 1980 1045 2049 Στωμιέλον
1141 1983 1306 2046 κατεφθαρ-

200 2065 391 2132 ΤΟΔῬΚΟΝ]
414 2067 482 2118 Ηοοο
501 2070 540 2117 est
557 2067 689 2134 inscriptio
708 2068 734 2119 in
769 2062 866 2132 μένον]
894 2066 988 2119 citavit
1012 2068 1079 2118 bunc
1097 2067 1178 2119 locum
1197 2067 1307 2118 loannes

198 2151 324 2205 codicibus
339 2152 437 2204 Veneto
451 2157 475 2203 et
486 2151 633 2203 Bodleiano.
656 2152 733 2204 Eum·
769 2149 883 2203 [tamese.
908 2151 934 2202 in
954 2149 1025 2203 Scer.
1044 2149 1135 2202 Paruit.
1164 2151 1244 2220 (Opp.
1263 2150 1305 2203 ed.

198 2237 255 2288 dem
280 2240 351 2288 recte
369 2237 493 2302 praebent
511 2235 638 2288 editores:
666 2237 732 2288 Ges·
769 2233 893 2302 Lequien.
920 2236 948 2286 T.
968 2236 1005 2301 ΙΙ)
1031 2251 1056 2302 ρ.
1076 2233 1136 2287 564.
1171 2236 1248 2300 Legit
1272 2231 1305 2287 τό

198 2336 294 2387 nctus,
311 2322 448 2385 liucneus,
473 2320 612 2386 biorellus,
636 2321 733 2387 Fellus,
769 2332 815 2385 pro
839 2315 893 2387 μέν
920 2309 1003 2386 οὖν,
1033 2319 1057 2370 id
1090 2319 1156 2386 quod
1184 2321 1307 2371 maiorem

198 2403 315 2471 wolfius,
333 2406 462 2472 bleranus,
478 2405 656 2472 Humpbreius.
684 2406 745 2481 Scy
771 2404 900 2469 qnamdam
928 2408 1141 2457 asseverationem
1166 2405 1239 2472 ponit
1262 2420 1306 2458 rn-

197 2490 238 2542 lus
262 2489 409 2542 Gallandius
440 2491 565 2542 arbitratu
595 2503 641 2541 suo
671 2484 736 2563 sord
769 2488 838 2538 tione
854 2490 936 2540 nabitu
953 2490 1126 2543 antecedentis
1139 2490 1207 2541 inter
1221 2490 1306 2543 Theo-

196 2576 264 2646 psit:
284 2576 364 2629 'POT
374 2577 433 2628 ΕΝ
444 2576 574 2628 ΑΓΙΟΙΣ
585 2566 737 2639 IMTPOZ,¹
769 2573 865 2639 pbilum
879 2578 905 2639 et
918 2575 1069 2640 Autolycum
1084 2573 1211 2648 colloquii.
1231 2574 1308 2626 Bodl.

192 2662 316 2713 HmstN
340 2661 538 2714 ΘΕΟΦΙΛΟΤ
565 2662 639 2713 Tor
664 2663 732 2714 AN·
769 2656 815 2710 oui
829 2662 887 2710 onte
901 2656 1004 2725 φράσις
1018 2659 1132 2726 (epotam
1144 2661 1217 2726 Ven.)
1233 2674 1307 2711 men·

200 2746 373 2798 TIOXEttZ
385 2746 490 2797 ΠΡΟΣ
501 2747 733 2799 ΑΤΤΟΛῬΚΟΝ.
769 2742 830 2794 dose
867 2745 1056 2810 praetermittit.
1099 2745 1214 2811 Uterque
1250 2744 1307 2796 cod.

198 2829 228 2880 ln
254 2829 419 2897 inscriptione
448 2829 541 2880 codicis
567 2830 698 2894 Parisini,'
720 2848 733 2883 e
769 2832 850 2879 motus
875 2832 901 2879 et
920 2829 1000 2881 Gesn.
1028 2843 1077 2880 non
1105 2826 1188 2895 κενὴν
1213 2829 1307 2880 hebent

198 2928 247 2982 quo
266 2914 318 2967 bini
336 2914 437 2981 priores
455 2913 513 2965 libri
533 2914 564 2966 ad
580 2916 733 2982 Autolycum
768 2912 814 2964 sed
837 2912 953 2982 καινήν,
981 2914 1041 2966 uitio
1067 2914 1165 2967 scilicet
1186 2929 1305 2981 pronun·

198 2997 296 3062 absunt,
312 2999 407 3066 aliquot
420 2998 543 3050 recedunt
554 3000 643 3051 verba:
664 3001 733 3054 Θεο-
767 2999 895 3062 tiatioois,
922 3015 985 3066 quae
1012 3001 1057 3052 lios
1084 3015 1157 3051 voces
1184 3001 1251 3051 inter
1276 3013 1306 3050 se

198 3083 283 3149 φίλον
301 3079 530 3150 πατριάρχου
548 3081 652 3136 ἕκτου
672 3082 730 3137 α’ν-
768 3084 934 3135 commoranti
960 3085 1119 3152 frequentem
1145 3083 1306 3137 occasionem

196 3167 367 3235 τνοχείας
392 3164 463 3232 πρὸς
489 3163 645 3222 αέτόένκον
676 3167 732 3224 dt·
767 3168 837 3221 iecit.
874 3169 917 3221 Sic
936 3171 950 3220 1
970 3170 1034 3222 Tim.
1056 3168 1080 3234 6,
1099 3168 1133 3220 20
1152 3169 1205 3220 viee
1224 3185 1305 3220 ιιενο-

196 3254 284 3319 tnnc
301 3252 383 3319 περὶ
402 3254 463 3320 τῆς
481 3254 548 3305 τῶν
565 3270 731 3320 χριστια-
768 3252 877 3318 φονίας
891 3254 1006 3305 nonnulli
1024 3253 1095 3306 codd.
1109 3253 1305 3320 καινοφωνέας

195 3337 244 3389 ναῖ
252 3355 269 3390 ν
293 3339 456 3399 retorsere.
498 3337 535 3390 Ea
561 3338 626 3391 unde
652 3342 731 3406 origi-
766 3337 870 3404 legunt:
890 3338 939 3390 vid.
959 3339 1135 3392 Tisclrendori.
1156 3339 1208 3405 (ed.
1224 3341 1252 3406 7)
1272 3339 1304 3392 od

194 3434 253 3473 nem
282 3421 375 3475 ducant
400 3423 451 3474 dixi
474 3425 498 3474 in
518 3423 638 3489 Prolegg.
659 3440 679 3477 c.
700 3425 730 3478 2:
766 3423 791 3475 b.
807 3422 825 3473 l.
850 3423 902 3474 lum
918 3423 1055 3475 Clauserus
1072 3429 1141 3475 recte
1156 3425 1302 3476 transtulit:

196 3504 254 3568 „lle
274 3507 400 3559 codicibus
420 3506 627 3574 rnanuscriplis.“
766 3507 801 3558 cd
818 3521 942 3558 νοιιοιιι
960 3508 1074 3573 plocium
1089 3510 1251 3575 parandum.
1269 3538 1302 3548 -

262 3591 286 3645 2.
309 3594 360 3645 TO
376 3594 408 3660 A]
428 3595 541 3659 Uterque
556 3593 635 3645 codex
653 3596 729 3660 (Ven.
766 3590 828 3643 Cum
849 3591 932 3642 verbis
959 3588 1044 3658 cintip.
1065 3591 1101 3659 έχ.
1120 3613 1145 3645 τ.
1164 3595 1235 3648 νοῦν
1253 3613 1302 3647 ιια-

194 3678 220 3725 et
238 3674 325 3743 Bodl.)
345 3679 407 3730 boec
427 3679 535 3744 omittit3
554 3678 629 3729 babet
646 3684 729 3732 cutem
765 3677 904 3742 τεφθαρμ.
926 3678 957 3727 ci.
975 3675 992 3728 2
1007 3679 1071 3731 Tim.
1091 3677 1114 3745 3,
1133 3677 1164 3730 8:
1185 3673 1301 3745 ἄνθρω-

193 3760 256 3813 Ven.
272 3761 344 3813 initio
361 3761 418 3813 libri
431 3760 535 3812 secundi
554 3757 586 3814 τὸ
602 3764 620 3830 β
636 3767 661 3812 et
675 3768 728 3813 ter·
764 3779 813 3814 ιτοι
832 3761 1063 3829 κατεφθαρμένοι
1083 3762 1133 3816 τὸν
1151 3765 1231 3820 νοῦν.

193 3846 222 3898 tii
240 3844 272 3899 cd
291 3847 317 3913 μ,
337 3846 410 3898 Bodl.
426 3847 451 3897 in
467 3845 532 3896 cclcc
546 3846 603 3898 libri
622 3848 728 3900 secundi
832 3845 858 3898 4.
875 3845 1091 3915 μεμιαμμένοις]
1112 3847 1189 3901 Ven:
1209 3851 1235 3902 in
1250 3864 1319 3921 qun.
1357 3896 1360 3901 .

192 3928 224 3983 τέ
245 3927 377 3998 δεύτερον
402 3932 428 3982 et
452 3930 477 3980 in
496 3929 581 3981 limine
600 3931 670 3983 tertii
694 3930 727 3985 τὸ
764 3947 839 3999 supra
863 3934 935 4002 prius
961 3951 980 3999 μ
1009 3937 1140 3985 οοιιοοῑοι
1166 3935 1303 3989 incentum

192 4015 296 4080 τρίτον.
342 4013 462 4068 Editores
490 4012 644 4068 substituere
673 4019 726 4068 ΒΙ-
763 4017 864 4084 posuit,
899 4023 927 4069 ut
959 4015 1157 4086 μεμιασμένοις
1189 4019 1301 4089 lemn
1358 3956 1410 4119 ⁴

191 4101 313 4154 ΒΛΙΟΝ
327 4106 357 4153 Α.
763 4103 835 4156 Bodl.
852 4108 878 4155 et
893 4103 955 4156 edili
970 4103 1179 4172 μεμιασμένοις.
1206 4104 1301 4159 Forma

177 4492 318 4737 ,p
