<?xml version="1.0" encoding="UTF-8"?>
<!DOCTYPE html PUBLIC "-//W3C//DTD XHTML 1.0 Transitional//EN"
    "http://www.w3.org/TR/xhtml1/DTD/xhtml1-transitional.dtd">
<html xmlns="http://www.w3.org/1999/xhtml" xml:lang="en" lang="en">
 <head>
  <title>
</title>
<meta http-equiv="Content-Type" content="text/html;charset=utf-8" />
  <meta name='ocr-system' content='tesseract 3.04.00' />
  <meta name='ocr-capabilities' content='ocr_page ocr_carea ocr_par ocr_line ocrx_word'/>
</head>
<body>
  <div class='ocr_page' id='page_1' title='image "./corpusapologeta00unkngoog_0244.png"; bbox 0 0 2836 4852; ppageno 0'>
   <div class='ocr_carea' id='block_1_1' title="bbox 362 294 1248 364">
    <p class='ocr_par' dir='ltr' id='par_1_1' title="bbox 362 294 1248 364">
     <span class='ocr_line' id='line_1_1' title="bbox 362 294 1248 364; baseline 0.006 -5"><span class='ocrx_word' id='word_1_1' title='bbox 362 294 365 302; x_wconf 83' lang='grc'><strong>’</strong></span> <span class='ocrx_word' id='word_1_2' title='bbox 449 299 506 360; x_wconf 84' lang='lat' dir='ltr'>Ao</span> <span class='ocrx_word' id='word_1_3' title='bbox 527 296 773 361; x_wconf 74' lang='lat' dir='ltr'><strong>AUTDLYGUM</strong></span> <span class='ocrx_word' id='word_1_4' title='bbox 798 297 875 361; x_wconf 83' lang='lat' dir='ltr'><strong>LIB.</strong></span> <span class='ocrx_word' id='word_1_5' title='bbox 894 296 934 361; x_wconf 86' lang='lat'>11.</span> <span class='ocrx_word' id='word_1_6' title='bbox 1185 296 1248 364; x_wconf 79' lang='grc'>139</span> 
     </span>
    </p>
   </div>
   <div class='ocr_carea' id='block_1_2' title="bbox 134 461 1249 2510">
    <p class='ocr_par' dir='ltr' id='par_1_2' title="bbox 135 461 1248 878">
     <span class='ocr_line' id='line_1_2' title="bbox 138 461 1248 549; baseline 0.005 -21"><span class='ocrx_word' id='word_1_7' title='bbox 138 470 271 529; x_wconf 89' lang='lat' dir='ltr'>vocatur</span> <span class='ocrx_word' id='word_1_8' title='bbox 293 471 427 548; x_wconf 89' lang='lat' dir='ltr'>propter</span> <span class='ocrx_word' id='word_1_9' title='bbox 447 461 697 549; x_wconf 77' lang='grc' dir='ltr'><strong><em>ἀποδεδρακέναι,</em></strong></span> <span class='ocrx_word' id='word_1_10' title='bbox 728 472 800 548; x_wconf 90' lang='lat' dir='ltr'>quia</span> <span class='ocrx_word' id='word_1_11' title='bbox 823 489 841 531; x_wconf 94' lang='lat' dir='ltr'>a</span> <span class='ocrx_word' id='word_1_12' title='bbox 861 471 921 530; x_wconf 91' lang='lat' dir='ltr'>deo</span> <span class='ocrx_word' id='word_1_13' title='bbox 941 468 1093 547; x_wconf 80' lang='lat' dir='ltr'>fugitivus</span> <span class='ocrx_word' id='word_1_14' title='bbox 1117 470 1248 532; x_wconf 86' lang='lat' dir='ltr'>absces-</span> 
     </span>
     <span class='ocr_line' id='line_1_3' title="bbox 138 579 1248 657; baseline 0.003 -19"><span class='ocrx_word' id='word_1_15' title='bbox 138 579 196 654; x_wconf 84' lang='lat' dir='ltr'><strong>sit3</strong></span> <span class='ocrx_word' id='word_1_16' title='bbox 226 581 359 657; x_wconf 83' lang='lat' dir='ltr'>angelus</span> <span class='ocrx_word' id='word_1_17' title='bbox 392 580 472 638; x_wconf 91' lang='lat' dir='ltr'>enim</span> <span class='ocrx_word' id='word_1_18' title='bbox 500 581 588 640; x_wconf 86' lang='lat' dir='ltr'>initio</span> <span class='ocrx_word' id='word_1_19' title='bbox 620 585 699 640; x_wconf 89' lang='lat' dir='ltr'>erat.</span> <span class='ocrx_word' id='word_1_20' title='bbox 743 581 789 640; x_wconf 91' lang='lat' dir='ltr'>Ac</span> <span class='ocrx_word' id='word_1_21' title='bbox 812 582 850 640; x_wconf 91' lang='lat' dir='ltr'>de</span> <span class='ocrx_word' id='word_1_22' title='bbox 873 596 911 639; x_wconf 93' lang='lat' dir='ltr'>eo</span> <span class='ocrx_word' id='word_1_23' title='bbox 935 580 1057 655; x_wconf 91' lang='lat' dir='ltr'>quidem</span> <span class='ocrx_word' id='word_1_24' title='bbox 1080 581 1175 657; x_wconf 81' lang='lat' dir='ltr'>longa</span> <span class='ocrx_word' id='word_1_25' title='bbox 1198 583 1248 641; x_wconf 84' lang='lat' dir='ltr'>est</span> 
     </span>
     <span class='ocr_line' id='line_1_4' title="bbox 137 688 1248 767; baseline 0.004 -20"><span class='ocrx_word' id='word_1_26' title='bbox 137 690 255 748; x_wconf 89' lang='lat' dir='ltr'>oratio:</span> <span class='ocrx_word' id='word_1_27' title='bbox 289 691 484 767; x_wconf 84' lang='lat' dir='ltr'>quapropter</span> <span class='ocrx_word' id='word_1_28' title='bbox 512 691 802 766; x_wconf 80' lang='lat' dir='ltr'><strong>impraesentiarum</strong></span> <span class='ocrx_word' id='word_1_29' title='bbox 833 689 957 747; x_wconf 87' lang='lat' dir='ltr'>missam</span> <span class='ocrx_word' id='word_1_30' title='bbox 988 688 1070 748; x_wconf 85' lang='lat' dir='ltr'>facio</span> <span class='ocrx_word' id='word_1_31' title='bbox 1102 690 1169 750; x_wconf 88' lang='lat' dir='ltr'>eius</span> <span class='ocrx_word' id='word_1_32' title='bbox 1199 691 1248 751; x_wconf 88' lang='lat' dir='ltr'>rei</span> 
     </span>
     <span class='ocr_line' id='line_1_5' title="bbox 135 798 1016 878; baseline -0.001 -21"><span class='ocrx_word' id='word_1_33' title='bbox 135 799 397 877; x_wconf 80' lang='lat' dir='ltr'>explicationem3</span> <span class='ocrx_word' id='word_1_34' title='bbox 422 801 537 858; x_wconf 77' lang='lat' dir='ltr'>etenim</span> <span class='ocrx_word' id='word_1_35' title='bbox 559 801 635 859; x_wconf 85' lang='lat' dir='ltr'>alibi</span> <span class='ocrx_word' id='word_1_36' title='bbox 658 801 696 859; x_wconf 92' lang='lat' dir='ltr'>de</span> <span class='ocrx_word' id='word_1_37' title='bbox 717 816 755 858; x_wconf 90' lang='lat' dir='ltr'>eo</span> <span class='ocrx_word' id='word_1_38' title='bbox 777 798 1016 878; x_wconf 81' lang='lat' dir='ltr'>disputavimus.</span> 
     </span>
    </p>

    <p class='ocr_par' dir='ltr' id='par_1_3' title="bbox 134 907 1249 2510">
     <span class='ocr_line' id='line_1_6' title="bbox 224 907 1249 986; baseline 0.003 -20"><span class='ocrx_word' id='word_1_39' title='bbox 224 910 276 969; x_wconf 80' lang='lat'>29.</span> <span class='ocrx_word' id='word_1_40' title='bbox 317 910 412 977; x_wconf 83' lang='lat' dir='ltr'>Quum</span> <span class='ocrx_word' id='word_1_41' title='bbox 447 910 544 986; x_wconf 87' lang='lat' dir='ltr'>igitur</span> <span class='ocrx_word' id='word_1_42' title='bbox 576 909 713 968; x_wconf 87' lang='lat' dir='ltr'>Adamus</span> <span class='ocrx_word' id='word_1_43' title='bbox 747 912 955 984; x_wconf 86' lang='lat' dir='ltr'>cognosceret</span> <span class='ocrx_word' id='word_1_44' title='bbox 986 907 1085 967; x_wconf 86' lang='lat' dir='ltr'>Evam</span> <span class='ocrx_word' id='word_1_45' title='bbox 1119 925 1249 970; x_wconf 88' lang='lat' dir='ltr'>uxorem</span> 
     </span>
     <span class='ocr_line' id='line_1_7' title="bbox 137 1015 1247 1096; baseline 0.003 -21"><span class='ocrx_word' id='word_1_46' title='bbox 137 1033 241 1092; x_wconf 88' lang='lat' dir='ltr'>suam,</span> <span class='ocrx_word' id='word_1_47' title='bbox 265 1020 444 1096; x_wconf 75' lang='lat' dir='ltr'><strong>concipiens</strong></span> <span class='ocrx_word' id='word_1_48' title='bbox 466 1019 567 1078; x_wconf 88' lang='lat' dir='ltr'>filium</span> <span class='ocrx_word' id='word_1_49' title='bbox 583 1015 727 1094; x_wconf 80' lang='lat' dir='ltr'><strong>peperit,</strong></span> <span class='ocrx_word' id='word_1_50' title='bbox 750 1018 799 1077; x_wconf 89' lang='lat' dir='ltr'>cui</span> <span class='ocrx_word' id='word_1_51' title='bbox 822 1034 933 1076; x_wconf 93' lang='lat' dir='ltr'>nomen</span> <span class='ocrx_word' id='word_1_52' title='bbox 957 1016 1043 1078; x_wconf 86' lang='lat' dir='ltr'>Cain.</span> <span class='ocrx_word' id='word_1_53' title='bbox 1087 1016 1129 1076; x_wconf 89' lang='lat' dir='ltr'>Et</span> <span class='ocrx_word' id='word_1_54' title='bbox 1151 1019 1247 1078; x_wconf 84' lang='lat' dir='ltr'>dixit:</span> 
     </span>
     <span class='ocr_line' id='line_1_8' title="bbox 137 1124 1249 1205; baseline 0.002 -20"><span class='ocrx_word' id='word_1_55' title='bbox 137 1124 270 1186; x_wconf 80' lang='lat' dir='ltr'>Possedi</span> <span class='ocrx_word' id='word_1_56' title='bbox 290 1127 438 1188; x_wconf 78' lang='lat' dir='ltr'>hominem</span> <span class='ocrx_word' id='word_1_57' title='bbox 458 1147 518 1205; x_wconf 83' lang='lat' dir='ltr'>per</span> <span class='ocrx_word' id='word_1_58' title='bbox 540 1127 638 1187; x_wconf 83' lang='lat' dir='ltr'>deum.</span> <span class='ocrx_word' id='word_1_59' title='bbox 682 1126 795 1186; x_wconf 88' lang='lat' dir='ltr'>Adhuc</span> <span class='ocrx_word' id='word_1_60' title='bbox 825 1128 946 1187; x_wconf 89' lang='lat' dir='ltr'>addidit</span> <span class='ocrx_word' id='word_1_61' title='bbox 968 1129 1001 1186; x_wconf 89' lang='lat' dir='ltr'>ut</span> <span class='ocrx_word' id='word_1_62' title='bbox 1028 1127 1162 1186; x_wconf 90' lang='lat' dir='ltr'>alterum</span> <span class='ocrx_word' id='word_1_63' title='bbox 1187 1144 1249 1204; x_wconf 91' lang='lat' dir='ltr'>pa-</span> 
     </span>
     <span class='ocr_line' id='line_1_9' title="bbox 135 1233 1248 1317; baseline 0.003 -24"><span class='ocrx_word' id='word_1_64' title='bbox 135 1238 241 1312; x_wconf 86' lang='lat' dir='ltr'>reret,</span> <span class='ocrx_word' id='word_1_65' title='bbox 274 1239 322 1297; x_wconf 90' lang='lat' dir='ltr'>oui</span> <span class='ocrx_word' id='word_1_66' title='bbox 352 1255 463 1317; x_wconf 84' lang='lat' dir='ltr'>nomen</span> <span class='ocrx_word' id='word_1_67' title='bbox 493 1237 588 1297; x_wconf 86' lang='lat' dir='ltr'><strong>Abel.</strong></span> <span class='ocrx_word' id='word_1_68' title='bbox 643 1235 755 1316; x_wconf 79' lang='lat' dir='ltr'>Coepit</span> <span class='ocrx_word' id='word_1_69' title='bbox 786 1256 848 1296; x_wconf 81' lang='lat' dir='ltr'>esse</span> <span class='ocrx_word' id='word_1_70' title='bbox 875 1245 987 1316; x_wconf 82' lang='lat' dir='ltr'>postor</span> <span class='ocrx_word' id='word_1_71' title='bbox 1016 1237 1132 1306; x_wconf 82' lang='lat' dir='ltr'>ouium3</span> <span class='ocrx_word' id='word_1_72' title='bbox 1168 1233 1248 1296; x_wconf 77' lang='lat' dir='ltr'>Cain</span> 
     </span>
     <span class='ocr_line' id='line_1_10' title="bbox 136 1344 1247 1422; baseline 0.001 -19"><span class='ocrx_word' id='word_1_73' title='bbox 136 1351 236 1404; x_wconf 80' lang='lat' dir='ltr'>autem</span> <span class='ocrx_word' id='word_1_74' title='bbox 265 1353 377 1406; x_wconf 83' lang='lat' dir='ltr'>terrum</span> <span class='ocrx_word' id='word_1_75' title='bbox 405 1345 532 1406; x_wconf 82' lang='lat' dir='ltr'>colebat.</span> <span class='ocrx_word' id='word_1_76' title='bbox 577 1345 716 1422; x_wconf 82' lang='lat' dir='ltr'>Longior</span> <span class='ocrx_word' id='word_1_77' title='bbox 741 1346 844 1405; x_wconf 89' lang='lat' dir='ltr'>autem</span> <span class='ocrx_word' id='word_1_78' title='bbox 874 1348 924 1403; x_wconf 90' lang='lat' dir='ltr'>est</span> <span class='ocrx_word' id='word_1_79' title='bbox 946 1344 1079 1402; x_wconf 92' lang='lat' dir='ltr'>historia</span> <span class='ocrx_word' id='word_1_80' title='bbox 1104 1360 1183 1419; x_wconf 89' lang='lat' dir='ltr'>quae</span> <span class='ocrx_word' id='word_1_81' title='bbox 1206 1347 1247 1404; x_wconf 90' lang='lat' dir='ltr'>ad</span> 
     </span>
     <span class='ocr_line' id='line_1_11' title="bbox 137 1451 1248 1531; baseline -0.001 -19"><span class='ocrx_word' id='word_1_82' title='bbox 137 1469 193 1512; x_wconf 91' lang='lat' dir='ltr'>eos</span> <span class='ocrx_word' id='word_1_83' title='bbox 216 1458 358 1531; x_wconf 87' lang='lat' dir='ltr'>spectat,</span> <span class='ocrx_word' id='word_1_84' title='bbox 388 1455 478 1525; x_wconf 92' lang='lat' dir='ltr'>immo</span> <span class='ocrx_word' id='word_1_85' title='bbox 502 1455 595 1511; x_wconf 87' lang='lat' dir='ltr'>etiam</span> <span class='ocrx_word' id='word_1_86' title='bbox 617 1455 826 1512; x_wconf 75' lang='lat' dir='ltr'>enarrationis</span> <span class='ocrx_word' id='word_1_87' title='bbox 849 1455 947 1512; x_wconf 92' lang='lat' dir='ltr'>ratio:</span> <span class='ocrx_word' id='word_1_88' title='bbox 981 1455 1175 1528; x_wconf 90' lang='lat' dir='ltr'>quapropter</span> <span class='ocrx_word' id='word_1_89' title='bbox 1198 1451 1248 1511; x_wconf 84' lang='lat' dir='ltr'>di·</span> 
     </span>
     <span class='ocr_line' id='line_1_12' title="bbox 136 1561 1248 1639; baseline 0.002 -20"><span class='ocrx_word' id='word_1_90' title='bbox 136 1562 244 1622; x_wconf 87' lang='lat' dir='ltr'>seendi</span> <span class='ocrx_word' id='word_1_91' title='bbox 277 1563 408 1638; x_wconf 87' lang='lat' dir='ltr'>cupidos</span> <span class='ocrx_word' id='word_1_92' title='bbox 438 1562 477 1620; x_wconf 92' lang='lat' dir='ltr'>de</span> <span class='ocrx_word' id='word_1_93' title='bbox 508 1561 568 1620; x_wconf 91' lang='lat' dir='ltr'>hao</span> <span class='ocrx_word' id='word_1_94' title='bbox 597 1562 731 1620; x_wconf 88' lang='lat' dir='ltr'>historia</span> <span class='ocrx_word' id='word_1_95' title='bbox 762 1564 869 1638; x_wconf 91' lang='lat' dir='ltr'>potest</span> <span class='ocrx_word' id='word_1_96' title='bbox 903 1561 1080 1639; x_wconf 83' lang='lat' dir='ltr'>accuratius</span> <span class='ocrx_word' id='word_1_97' title='bbox 1112 1562 1248 1621; x_wconf 89' lang='lat' dir='ltr'>edocere</span> 
     </span>
     <span class='ocr_line' id='line_1_13' title="bbox 135 1667 1249 1747; baseline 0.004 -21"><span class='ocrx_word' id='word_1_98' title='bbox 135 1669 219 1727; x_wconf 89' lang='lat' dir='ltr'>liber</span> <span class='ocrx_word' id='word_1_99' title='bbox 248 1670 317 1746; x_wconf 89' lang='lat' dir='ltr'><strong>ipse</strong></span> <span class='ocrx_word' id='word_1_100' title='bbox 350 1671 401 1745; x_wconf 90' lang='lat' dir='ltr'>qui</span> <span class='ocrx_word' id='word_1_101' title='bbox 435 1667 556 1730; x_wconf 81' lang='lat' dir='ltr'>Genesis</span> <span class='ocrx_word' id='word_1_102' title='bbox 578 1669 684 1728; x_wconf 73' lang='lat' dir='ltr'>uerendi</span> <span class='ocrx_word' id='word_1_103' title='bbox 706 1670 894 1729; x_wconf 81' lang='lat' dir='ltr'>inscribitur.</span> <span class='ocrx_word' id='word_1_104' title='bbox 939 1670 1073 1729; x_wconf 85' lang='lat' dir='ltr'>Satanas</span> <span class='ocrx_word' id='word_1_105' title='bbox 1096 1671 1191 1747; x_wconf 85' lang='lat' dir='ltr'>igitur</span> <span class='ocrx_word' id='word_1_106' title='bbox 1214 1672 1249 1730; x_wconf 84' lang='lat' dir='ltr'>ut</span> 
     </span>
     <span class='ocr_line' id='line_1_14' title="bbox 134 1776 1247 1856; baseline 0.003 -20"><span class='ocrx_word' id='word_1_107' title='bbox 134 1777 288 1837; x_wconf 83' lang='lat' dir='ltr'>Adamum</span> <span class='ocrx_word' id='word_1_108' title='bbox 309 1781 342 1837; x_wconf 89' lang='lat' dir='ltr'>et</span> <span class='ocrx_word' id='word_1_109' title='bbox 364 1795 493 1838; x_wconf 87' lang='lat' dir='ltr'>uxorem</span> <span class='ocrx_word' id='word_1_110' title='bbox 517 1776 584 1838; x_wconf 89' lang='lat' dir='ltr'>eius</span> <span class='ocrx_word' id='word_1_111' title='bbox 607 1780 687 1838; x_wconf 88' lang='lat' dir='ltr'>vidit</span> <span class='ocrx_word' id='word_1_112' title='bbox 711 1795 771 1838; x_wconf 96' lang='lat' dir='ltr'>non</span> <span class='ocrx_word' id='word_1_113' title='bbox 798 1780 897 1838; x_wconf 92' lang='lat' dir='ltr'>solum</span> <span class='ocrx_word' id='word_1_114' title='bbox 920 1780 1046 1856; x_wconf 87' lang='lat' dir='ltr'>vivere,</span> <span class='ocrx_word' id='word_1_115' title='bbox 1074 1780 1247 1839; x_wconf 84' lang='lat' dir='ltr'>sedetiam</span> 
     </span>
     <span class='ocr_line' id='line_1_15' title="bbox 136 1886 1248 1965; baseline 0.003 -21"><span class='ocrx_word' id='word_1_116' title='bbox 136 1887 257 1946; x_wconf 86' lang='lat' dir='ltr'>liberos</span> <span class='ocrx_word' id='word_1_117' title='bbox 286 1889 482 1965; x_wconf 83' lang='lat' dir='ltr'><strong>suscepisse,</strong></span> <span class='ocrx_word' id='word_1_118' title='bbox 513 1888 629 1947; x_wconf 88' lang='lat' dir='ltr'>invidia</span> <span class='ocrx_word' id='word_1_119' title='bbox 659 1886 837 1948; x_wconf 87' lang='lat' dir='ltr'>stimulatus</span> <span class='ocrx_word' id='word_1_120' title='bbox 871 1890 954 1964; x_wconf 85' lang='lat' dir='ltr'>quod</span> <span class='ocrx_word' id='word_1_121' title='bbox 978 1890 1108 1947; x_wconf 90' lang='lat' dir='ltr'>mortem</span> <span class='ocrx_word' id='word_1_122' title='bbox 1130 1889 1169 1947; x_wconf 91' lang='lat' dir='ltr'>iis</span> <span class='ocrx_word' id='word_1_123' title='bbox 1196 1889 1248 1947; x_wconf 90' lang='lat' dir='ltr'>in·</span> 
     </span>
     <span class='ocr_line' id='line_1_16' title="bbox 136 1995 1246 2078; baseline 0.004 -23"><span class='ocrx_word' id='word_1_124' title='bbox 136 1995 222 2056; x_wconf 86' lang='lat' dir='ltr'>ferre</span> <span class='ocrx_word' id='word_1_125' title='bbox 249 2014 311 2056; x_wconf 92' lang='lat' dir='ltr'>non</span> <span class='ocrx_word' id='word_1_126' title='bbox 340 1999 467 2075; x_wconf 88' lang='lat' dir='ltr'>posset,</span> <span class='ocrx_word' id='word_1_127' title='bbox 499 2000 561 2057; x_wconf 91' lang='lat' dir='ltr'>tum</span> <span class='ocrx_word' id='word_1_128' title='bbox 585 2015 676 2072; x_wconf 93' lang='lat' dir='ltr'>quum</span> <span class='ocrx_word' id='word_1_129' title='bbox 703 1997 835 2056; x_wconf 90' lang='lat' dir='ltr'>Abelem</span> <span class='ocrx_word' id='word_1_130' title='bbox 864 1998 988 2056; x_wconf 88' lang='lat' dir='ltr'>videret</span> <span class='ocrx_word' id='word_1_131' title='bbox 1018 1999 1078 2056; x_wconf 90' lang='lat' dir='ltr'>deo</span> <span class='ocrx_word' id='word_1_132' title='bbox 1107 1999 1246 2078; x_wconf 88' lang='lat' dir='ltr'>placere,</span> 
     </span>
     <span class='ocr_line' id='line_1_17' title="bbox 136 2093 1246 2183; baseline 0.005 -21"><span class='ocrx_word' id='word_1_133' title='bbox 136 2103 267 2165; x_wconf 85' lang='lat' dir='ltr'>fratrem</span> <span class='ocrx_word' id='word_1_134' title='bbox 293 2108 359 2165; x_wconf 88' lang='lat' dir='ltr'>eius</span> <span class='ocrx_word' id='word_1_135' title='bbox 384 2107 510 2167; x_wconf 77' lang='lat' dir='ltr'>Geinum</span> <span class='ocrx_word' id='word_1_136' title='bbox 533 2093 655 2166; x_wconf 90' lang='lat' dir='ltr'>nomine</span> <span class='ocrx_word' id='word_1_137' title='bbox 678 2106 799 2183; x_wconf 87' lang='lat' dir='ltr'><strong>impulit</strong></span> <span class='ocrx_word' id='word_1_138' title='bbox 822 2107 854 2164; x_wconf 91' lang='lat' dir='ltr'>et</span> <span class='ocrx_word' id='word_1_139' title='bbox 877 2107 1027 2182; x_wconf 88' lang='lat' dir='ltr'>perduxit</span> <span class='ocrx_word' id='word_1_140' title='bbox 1057 2108 1091 2166; x_wconf 92' lang='lat' dir='ltr'>ut</span> <span class='ocrx_word' id='word_1_141' title='bbox 1114 2107 1246 2168; x_wconf 82' lang='lat' dir='ltr'>fratrem</span> 
     </span>
     <span class='ocr_line' id='line_1_18' title="bbox 136 2215 1245 2276; baseline 0.002 -2"><span class='ocrx_word' id='word_1_142' title='bbox 136 2232 224 2274; x_wconf 87' lang='lat' dir='ltr'>suum</span> <span class='ocrx_word' id='word_1_143' title='bbox 248 2217 380 2275; x_wconf 90' lang='lat' dir='ltr'>Abelem</span> <span class='ocrx_word' id='word_1_144' title='bbox 410 2218 578 2276; x_wconf 90' lang='lat' dir='ltr'>occideret.</span> <span class='ocrx_word' id='word_1_145' title='bbox 623 2215 664 2274; x_wconf 82' lang='lat' dir='ltr'>Et</span> <span class='ocrx_word' id='word_1_146' title='bbox 691 2216 737 2274; x_wconf 86' lang='lat' dir='ltr'>sio</span> <span class='ocrx_word' id='word_1_147' title='bbox 763 2231 848 2274; x_wconf 88' lang='lat' dir='ltr'>mors</span> <span class='ocrx_word' id='word_1_148' title='bbox 871 2216 901 2273; x_wconf 93' lang='lat' dir='ltr'>in</span> <span class='ocrx_word' id='word_1_149' title='bbox 924 2215 1005 2275; x_wconf 87' lang='lat' dir='ltr'>hunc</span> <span class='ocrx_word' id='word_1_150' title='bbox 1028 2218 1171 2276; x_wconf 91' lang='lat' dir='ltr'>mundum</span> <span class='ocrx_word' id='word_1_151' title='bbox 1195 2219 1245 2276; x_wconf 93' lang='lat' dir='ltr'>in-</span> 
     </span>
     <span class='ocr_line' id='line_1_19' title="bbox 136 2324 1246 2400; baseline 0.003 -17"><span class='ocrx_word' id='word_1_152' title='bbox 136 2325 229 2384; x_wconf 88' lang='lat' dir='ltr'>ducta</span> <span class='ocrx_word' id='word_1_153' title='bbox 251 2327 299 2384; x_wconf 89' lang='lat' dir='ltr'>est</span> <span class='ocrx_word' id='word_1_154' title='bbox 320 2328 353 2386; x_wconf 92' lang='lat' dir='ltr'>ut</span> <span class='ocrx_word' id='word_1_155' title='bbox 372 2325 472 2385; x_wconf 83' lang='lat' dir='ltr'>adhuc</span> <span class='ocrx_word' id='word_1_156' title='bbox 495 2328 592 2385; x_wconf 91' lang='lat' dir='ltr'>totum</span> <span class='ocrx_word' id='word_1_157' title='bbox 613 2342 712 2400; x_wconf 83' lang='lat' dir='ltr'>genus</span> <span class='ocrx_word' id='word_1_158' title='bbox 734 2324 897 2382; x_wconf 91' lang='lat' dir='ltr'>humanum</span> <span class='ocrx_word' id='word_1_159' title='bbox 920 2325 1121 2399; x_wconf 88' lang='lat' dir='ltr'>pervaderet.</span> <span class='ocrx_word' id='word_1_160' title='bbox 1160 2325 1246 2386; x_wconf 89' lang='lat' dir='ltr'>Deus</span> 
     </span>
     <span class='ocr_line' id='line_1_20' title="bbox 137 2431 1246 2510; baseline 0.004 -18"><span class='ocrx_word' id='word_1_161' title='bbox 137 2436 239 2492; x_wconf 90' lang='lat' dir='ltr'>autem</span> <span class='ocrx_word' id='word_1_162' title='bbox 268 2451 361 2510; x_wconf 87' lang='lat' dir='ltr'>quum</span> <span class='ocrx_word' id='word_1_163' title='bbox 390 2435 568 2494; x_wconf 82' lang='lat' dir='ltr'>misericors</span> <span class='ocrx_word' id='word_1_164' title='bbox 591 2435 633 2492; x_wconf 91' lang='lat' dir='ltr'>sit</span> <span class='ocrx_word' id='word_1_165' title='bbox 663 2435 696 2492; x_wconf 92' lang='lat' dir='ltr'>et</span> <span class='ocrx_word' id='word_1_166' title='bbox 719 2431 835 2507; x_wconf 84' lang='lat' dir='ltr'>Caino,</span> <span class='ocrx_word' id='word_1_167' title='bbox 867 2434 1122 2506; x_wconf 83' lang='lat' dir='ltr'>quemadmodum</span> <span class='ocrx_word' id='word_1_168' title='bbox 1152 2436 1246 2497; x_wconf 87' lang='lat' dir='ltr'>etiam</span> 
     </span>
    </p>
   </div>
   <div class='ocr_carea' id='block_1_3' title="bbox 133 2689 1247 4037">
    <p class='ocr_par' dir='ltr' id='par_1_4' title="bbox 133 2689 1247 4037">
     <span class='ocr_line' id='line_1_21' title="bbox 135 2689 1246 2757; baseline 0.005 -17"><span class='ocrx_word' id='word_1_169' title='bbox 135 2692 186 2755; x_wconf 86' lang='lat' dir='ltr'>ste,</span> <span class='ocrx_word' id='word_1_170' title='bbox 206 2705 256 2743; x_wconf 85' lang='lat' dir='ltr'>was</span> <span class='ocrx_word' id='word_1_171' title='bbox 272 2689 343 2744; x_wconf 81' lang='lat' dir='ltr'>diosa</span> <span class='ocrx_word' id='word_1_172' title='bbox 358 2693 464 2754; x_wconf 81' lang='lat' dir='ltr'>betrifft,</span> <span class='ocrx_word' id='word_1_173' title='bbox 484 2691 575 2757; x_wconf 74' lang='lat' dir='ltr'>gehiri</span> <span class='ocrx_word' id='word_1_174' title='bbox 589 2690 615 2742; x_wconf 91' lang='lat' dir='ltr'>in</span> <span class='ocrx_word' id='word_1_175' title='bbox 631 2689 673 2742; x_wconf 87' lang='lat' dir='ltr'>die</span> <span class='ocrx_word' id='word_1_176' title='bbox 708 2705 762 2743; x_wconf 78' lang='lat' dir='ltr'>noae</span> <span class='ocrx_word' id='word_1_177' title='bbox 781 2693 899 2742; x_wconf 73' lang='lat' dir='ltr'>humente</span> <span class='ocrx_word' id='word_1_178' title='bbox 917 2691 1061 2757; x_wconf 72' lang='lat' dir='ltr'>feriendis,</span> <span class='ocrx_word' id='word_1_179' title='bbox 1087 2693 1134 2744; x_wconf 86' lang='lat' dir='ltr'>sed</span> <span class='ocrx_word' id='word_1_180' title='bbox 1152 2693 1246 2746; x_wconf 77' lang='lat' dir='ltr'>divino</span> 
     </span>
     <span class='ocr_line' id='line_1_22' title="bbox 137 2773 1247 2844; baseline 0.004 -18"><span class='ocrx_word' id='word_1_181' title='bbox 137 2773 291 2828; x_wconf 81' lang='lat' dir='ltr'>Gescirichte</span> <span class='ocrx_word' id='word_1_182' title='bbox 316 2775 365 2828; x_wconf 89' lang='lat' dir='ltr'>und</span> <span class='ocrx_word' id='word_1_183' title='bbox 389 2774 470 2827; x_wconf 88' lang='lat' dir='ltr'>findet</span> <span class='ocrx_word' id='word_1_184' title='bbox 488 2776 558 2826; x_wconf 90' lang='lat' dir='ltr'>seine</span> <span class='ocrx_word' id='word_1_185' title='bbox 577 2774 673 2826; x_wconf 74' lang='lat' dir='ltr'>susle·</span> <span class='ocrx_word' id='word_1_186' title='bbox 707 2779 737 2826; x_wconf 84' lang='lat' dir='ltr'>ut</span> <span class='ocrx_word' id='word_1_187' title='bbox 749 2775 842 2840; x_wconf 72' lang='lat' dir='ltr'>feriret</span> <span class='ocrx_word' id='word_1_188' title='bbox 857 2777 1036 2842; x_wconf 83' lang='lat' dir='ltr'>inspiratione</span> <span class='ocrx_word' id='word_1_189' title='bbox 1052 2781 1198 2844; x_wconf 71' lang='lat' dir='ltr'>sepniatios,</span> <span class='ocrx_word' id='word_1_190' title='bbox 1216 2779 1247 2830; x_wconf 83' lang='lat' dir='ltr'>in</span> 
     </span>
     <span class='ocr_line' id='line_1_23' title="bbox 135 2859 1245 2927; baseline 0.005 -17"><span class='ocrx_word' id='word_1_191' title='bbox 135 2874 206 2926; x_wconf 74' lang='lat' dir='ltr'>gung</span> <span class='ocrx_word' id='word_1_192' title='bbox 222 2862 248 2912; x_wconf 93' lang='lat' dir='ltr'>in</span> <span class='ocrx_word' id='word_1_193' title='bbox 266 2862 320 2912; x_wconf 80' lang='lat' dir='ltr'>sicli</span> <span class='ocrx_word' id='word_1_194' title='bbox 338 2860 445 2913; x_wconf 84' lang='lat' dir='ltr'>seibst.“</span> <span class='ocrx_word' id='word_1_195' title='bbox 709 2874 738 2911; x_wconf 92' lang='lat' dir='ltr'>eo</span> <span class='ocrx_word' id='word_1_196' title='bbox 755 2859 821 2912; x_wconf 80' lang='lat' dir='ltr'>libro</span> <span class='ocrx_word' id='word_1_197' title='bbox 841 2861 887 2927; x_wconf 82' lang='lat' dir='ltr'>qui</span> <span class='ocrx_word' id='word_1_198' title='bbox 907 2862 945 2912; x_wconf 82' lang='lat' dir='ltr'>cie</span> <span class='ocrx_word' id='word_1_199' title='bbox 963 2865 1131 2912; x_wconf 80' lang='lat' dir='ltr'>erectore</span> <span class='ocrx_word' id='word_1_200' title='bbox 1149 2878 1245 2915; x_wconf 85' lang='lat' dir='ltr'>mun-</span> 
     </span>
     <span class='ocr_line' id='line_1_24' title="bbox 205 2941 1245 3014; baseline 0.003 -17"><span class='ocrx_word' id='word_1_201' title='bbox 205 2943 230 2998; x_wconf 89' lang='grc'>6.</span> <span class='ocrx_word' id='word_1_202' title='bbox 248 2943 361 3006; x_wconf 73' lang='lat' dir='ltr'>Pinnem</span> <span class='ocrx_word' id='word_1_203' title='bbox 379 2941 498 3012; x_wconf 78' lang='grc' dir='ltr'><strong><em>κόσμον]</em></strong></span> <span class='ocrx_word' id='word_1_204' title='bbox 521 2944 601 2995; x_wconf 80' lang='lat' dir='ltr'>Forte</span> <span class='ocrx_word' id='word_1_205' title='bbox 617 2959 630 2995; x_wconf 85' lang='lat' dir='ltr'>a</span> <span class='ocrx_word' id='word_1_206' title='bbox 644 2959 672 2996; x_wconf 89' lang='lat' dir='ltr'>se</span> <span class='ocrx_word' id='word_1_207' title='bbox 708 2946 742 2996; x_wconf 83' lang='lat' dir='ltr'>di</span> <span class='ocrx_word' id='word_1_208' title='bbox 761 2948 884 2997; x_wconf 82' lang='lat' dir='ltr'>censetur</span> <span class='ocrx_word' id='word_1_209' title='bbox 902 2945 935 2995; x_wconf 81' lang='lat' dir='ltr'>ob</span> <span class='ocrx_word' id='word_1_210' title='bbox 954 2946 1062 2998; x_wconf 78' lang='lat' dir='ltr'>exordio</span> <span class='ocrx_word' id='word_1_211' title='bbox 1077 2948 1116 2998; x_wconf 81' lang='lat' dir='ltr'>sie</span> <span class='ocrx_word' id='word_1_212' title='bbox 1129 2951 1167 2998; x_wconf 86' lang='lat' dir='ltr'>est</span> <span class='ocrx_word' id='word_1_213' title='bbox 1179 2962 1245 3014; x_wconf 86' lang='lat' dir='ltr'>pro-</span> 
     </span>
     <span class='ocr_line' id='line_1_25' title="bbox 136 3028 1243 3099; baseline 0.006 -20"><span class='ocrx_word' id='word_1_214' title='bbox 136 3031 309 3099; x_wconf 85' lang='lat' dir='ltr'>eonscripium</span> <span class='ocrx_word' id='word_1_215' title='bbox 328 3031 419 3081; x_wconf 88' lang='lat' dir='ltr'>librum</span> <span class='ocrx_word' id='word_1_216' title='bbox 438 3030 561 3095; x_wconf 83' lang='lat' dir='ltr'>designat.</span> <span class='ocrx_word' id='word_1_217' title='bbox 584 3028 634 3096; x_wconf 81' lang='lat' dir='ltr'>[ci.</span> <span class='ocrx_word' id='word_1_218' title='bbox 650 3043 672 3081; x_wconf 85' lang='lat' dir='ltr'>o.</span> <span class='ocrx_word' id='word_1_219' title='bbox 706 3030 791 3095; x_wconf 74' lang='lat' dir='ltr'>[otus.</span> <span class='ocrx_word' id='word_1_220' title='bbox 824 3028 862 3081; x_wconf 82' lang='lat' dir='ltr'>ci.</span> <span class='ocrx_word' id='word_1_221' title='bbox 882 3029 969 3082; x_wconf 86' lang='lat' dir='ltr'>Grabii</span> <span class='ocrx_word' id='word_1_222' title='bbox 984 3031 1066 3096; x_wconf 83' lang='lat' dir='ltr'><strong>Epist.</strong></span> <span class='ocrx_word' id='word_1_223' title='bbox 1081 3031 1111 3082; x_wconf 89' lang='lat' dir='ltr'>ad</span> <span class='ocrx_word' id='word_1_224' title='bbox 1127 3033 1164 3083; x_wconf 89' lang='lat' dir='ltr'>lo.</span> <span class='ocrx_word' id='word_1_225' title='bbox 1179 3033 1243 3087; x_wconf 83' lang='lat' dir='ltr'>iiiiii.</span> 
     </span>
     <span class='ocr_line' id='line_1_26' title="bbox 134 3111 1244 3183; baseline 0.005 -19"><span class='ocrx_word' id='word_1_226' title='bbox 134 3111 178 3164; x_wconf 82' lang='lat'>28.</span> <span class='ocrx_word' id='word_1_227' title='bbox 205 3129 230 3166; x_wconf 94' lang='lat' dir='ltr'>n.</span> <span class='ocrx_word' id='word_1_228' title='bbox 255 3113 310 3181; x_wconf 76' lang='lat' dir='ltr'>to]</span> <span class='ocrx_word' id='word_1_229' title='bbox 338 3115 434 3167; x_wconf 83' lang='lat' dir='ltr'>Fettes.</span> <span class='ocrx_word' id='word_1_230' title='bbox 477 3116 616 3167; x_wconf 82' lang='lat' dir='ltr'>Enimuero</span> <span class='ocrx_word' id='word_1_231' title='bbox 641 3130 673 3166; x_wconf 83' lang='lat' dir='ltr'>ex</span> <span class='ocrx_word' id='word_1_232' title='bbox 709 3113 791 3165; x_wconf 82' lang='lat' dir='ltr'>Onon.</span> <span class='ocrx_word' id='word_1_233' title='bbox 812 3113 887 3166; x_wconf 77' lang='lat'><strong>1705.</strong></span> <span class='ocrx_word' id='word_1_234' title='bbox 907 3113 943 3166; x_wconf 84' lang='lat'>4⁰.</span> <span class='ocrx_word' id='word_1_235' title='bbox 967 3129 992 3181; x_wconf 93' lang='lat' dir='ltr'>p.</span> <span class='ocrx_word' id='word_1_236' title='bbox 1010 3114 1044 3167; x_wconf 78' lang='lat'>57</span> <span class='ocrx_word' id='word_1_237' title='bbox 1073 3115 1111 3183; x_wconf 89' lang='lat' dir='ltr'>[et</span> <span class='ocrx_word' id='word_1_238' title='bbox 1129 3115 1244 3170; x_wconf 82' lang='lat' dir='ltr'>Holmoe.</span> 
     </span>
     <span class='ocr_line' id='line_1_27' title="bbox 136 3198 1049 3267; baseline 0.001 -17"><span class='ocrx_word' id='word_1_239' title='bbox 136 3199 220 3250; x_wconf 84' lang='lat' dir='ltr'>verbis</span> <span class='ocrx_word' id='word_1_240' title='bbox 239 3199 301 3266; x_wconf 89' lang='lat' dir='ltr'><strong>ipsis</strong></span> <span class='ocrx_word' id='word_1_241' title='bbox 319 3199 343 3251; x_wconf 84' lang='lat' dir='ltr'>id</span> <span class='ocrx_word' id='word_1_242' title='bbox 361 3204 415 3251; x_wconf 86' lang='lat' dir='ltr'>tuto</span> <span class='ocrx_word' id='word_1_243' title='bbox 430 3214 481 3250; x_wconf 92' lang='lat' dir='ltr'>non</span> <span class='ocrx_word' id='word_1_244' title='bbox 496 3199 610 3264; x_wconf 78' lang='lat' dir='ltr'>colligas,</span> <span class='ocrx_word' id='word_1_245' title='bbox 629 3213 670 3250; x_wconf 90' lang='lat' dir='ltr'>re·</span> <span class='ocrx_word' id='word_1_246' title='bbox 708 3199 739 3250; x_wconf 90' lang='lat' dir='ltr'>ad</span> <span class='ocrx_word' id='word_1_247' title='bbox 756 3200 795 3251; x_wconf 88' lang='lat' dir='ltr'>tit.</span> <span class='ocrx_word' id='word_1_248' title='bbox 817 3198 905 3267; x_wconf 87' lang='lat' dir='ltr'>Gen.].</span> <span class='ocrx_word' id='word_1_249' title='bbox 933 3200 1049 3267; x_wconf 77' lang='lat' dir='ltr'>Woifies.</span> 
     </span>
     <span class='ocr_line' id='line_1_28' title="bbox 136 3281 1245 3354; baseline 0.005 -20"><span class='ocrx_word' id='word_1_250' title='bbox 136 3285 176 3335; x_wconf 84' lang='lat' dir='ltr'>eie</span> <span class='ocrx_word' id='word_1_251' title='bbox 200 3289 319 3335; x_wconf 84' lang='lat' dir='ltr'>monente</span> <span class='ocrx_word' id='word_1_252' title='bbox 338 3284 442 3337; x_wconf 87' lang='lat' dir='ltr'>Grabio.</span> <span class='ocrx_word' id='word_1_253' title='bbox 477 3285 541 3337; x_wconf 85' lang='lat' dir='ltr'>Nam</span> <span class='ocrx_word' id='word_1_254' title='bbox 566 3281 672 3337; x_wconf 82' lang='grc' dir='ltr'><strong><em>Γένε-</em></strong></span> <span class='ocrx_word' id='word_1_255' title='bbox 777 3285 801 3338; x_wconf 87' lang='grc'>7.</span> <span class='ocrx_word' id='word_1_256' title='bbox 821 3284 942 3354; x_wconf 79' lang='grc' dir='ltr'><strong>ἴσχυσεν]</strong></span> <span class='ocrx_word' id='word_1_257' title='bbox 964 3287 1042 3352; x_wconf 87' lang='lat' dir='ltr'>Ven.;</span> <span class='ocrx_word' id='word_1_258' title='bbox 1061 3286 1245 3354; x_wconf 44' lang='lat' dir='ltr'>unigenum.</span> 
     </span>
     <span class='ocr_line' id='line_1_29' title="bbox 135 3365 1244 3439; baseline 0.004 -19"><span class='ocrx_word' id='word_1_259' title='bbox 135 3383 192 3429; x_wconf 81' lang='grc' dir='ltr'>οις</span> <span class='ocrx_word' id='word_1_260' title='bbox 209 3366 345 3434; x_wconf 84' lang='grc' dir='ltr'><strong><em>κόσμον</em></strong></span> <span class='ocrx_word' id='word_1_261' title='bbox 364 3370 452 3421; x_wconf 81' lang='lat' dir='ltr'>titulus</span> <span class='ocrx_word' id='word_1_262' title='bbox 471 3374 510 3421; x_wconf 85' lang='lat' dir='ltr'>est</span> <span class='ocrx_word' id='word_1_263' title='bbox 525 3371 581 3422; x_wconf 87' lang='lat' dir='ltr'>iibri</span> <span class='ocrx_word' id='word_1_264' title='bbox 596 3369 672 3439; x_wconf 90' lang='lat' dir='ltr'>primi</span> <span class='ocrx_word' id='word_1_265' title='bbox 774 3369 800 3421; x_wconf 87' lang='lat'>8.</span> <span class='ocrx_word' id='word_1_266' title='bbox 820 3371 875 3423; x_wconf 70' lang='grc' dir='ltr'>Καὶ</span> <span class='ocrx_word' id='word_1_267' title='bbox 888 3365 977 3430; x_wconf 74' lang='grc' dir='ltr'><strong><em>οὕτως</em></strong></span> <span class='ocrx_word' id='word_1_268' title='bbox 990 3371 1059 3438; x_wconf 72' lang='lat' dir='ltr'>eet]</span> <span class='ocrx_word' id='word_1_269' title='bbox 1078 3373 1166 3424; x_wconf 82' lang='lat' dir='ltr'>Mors</span> <span class='ocrx_word' id='word_1_270' title='bbox 1184 3370 1244 3425; x_wconf 84' lang='lat' dir='ltr'>inde</span> 
     </span>
     <span class='ocr_line' id='line_1_30' title="bbox 134 3453 1245 3522; baseline 0.004 -18"><span class='ocrx_word' id='word_1_271' title='bbox 134 3453 231 3519; x_wconf 81' lang='lat' dir='ltr'>Mesia,</span> <span class='ocrx_word' id='word_1_272' title='bbox 256 3454 425 3520; x_wconf 87' lang='lat' dir='ltr'>quodiserte</span> <span class='ocrx_word' id='word_1_273' title='bbox 449 3456 474 3505; x_wconf 94' lang='lat' dir='ltr'>in</span> <span class='ocrx_word' id='word_1_274' title='bbox 498 3454 583 3505; x_wconf 86' lang='lat' dir='ltr'>codiee</span> <span class='ocrx_word' id='word_1_275' title='bbox 608 3455 671 3505; x_wconf 75' lang='lat' dir='ltr'>Ale·</span> <span class='ocrx_word' id='word_1_276' title='bbox 706 3453 811 3505; x_wconf 84' lang='lat' dir='ltr'>aCaini</span> <span class='ocrx_word' id='word_1_277' title='bbox 836 3457 949 3521; x_wconf 87' lang='lat' dir='ltr'>sceiere,</span> <span class='ocrx_word' id='word_1_278' title='bbox 975 3470 1023 3522; x_wconf 87' lang='lat' dir='ltr'>per</span> <span class='ocrx_word' id='word_1_279' title='bbox 1042 3460 1153 3507; x_wconf 88' lang='lat' dir='ltr'>satanam</span> <span class='ocrx_word' id='word_1_280' title='bbox 1175 3456 1245 3508; x_wconf 80' lang='lat' dir='ltr'>exei-</span> 
     </span>
     <span class='ocr_line' id='line_1_31' title="bbox 133 3536 1245 3608; baseline 0.004 -19"><span class='ocrx_word' id='word_1_281' title='bbox 133 3537 258 3590; x_wconf 83' lang='lat' dir='ltr'>xandrino</span> <span class='ocrx_word' id='word_1_282' title='bbox 277 3539 426 3606; x_wconf 82' lang='lat' dir='ltr'>appellatur,</span> <span class='ocrx_word' id='word_1_283' title='bbox 445 3538 599 3605; x_wconf 88' lang='lat' dir='ltr'>quamvisiu</span> <span class='ocrx_word' id='word_1_284' title='bbox 616 3536 670 3589; x_wconf 81' lang='lat' dir='ltr'>eui·</span> <span class='ocrx_word' id='word_1_285' title='bbox 705 3542 758 3590; x_wconf 86' lang='lat' dir='ltr'>tato</span> <span class='ocrx_word' id='word_1_286' title='bbox 787 3541 887 3604; x_wconf 87' lang='lat' dir='ltr'>(loann.</span> <span class='ocrx_word' id='word_1_287' title='bbox 906 3539 938 3602; x_wconf 89' lang='grc'>8,</span> <span class='ocrx_word' id='word_1_288' title='bbox 957 3539 991 3591; x_wconf 79' lang='grc'>44</span> <span class='ocrx_word' id='word_1_289' title='bbox 1015 3555 1096 3608; x_wconf 86' lang='lat' dir='ltr'>comp.</span> <span class='ocrx_word' id='word_1_290' title='bbox 1123 3540 1245 3593; x_wconf 88' lang='lat' dir='ltr'>1loann.</span> 
     </span>
     <span class='ocr_line' id='line_1_32' title="bbox 133 3608 1244 3694; baseline 0.005 -20"><span class='ocrx_word' id='word_1_291' title='bbox 133 3623 167 3674; x_wconf 78' lang='lat' dir='ltr'>tis</span> <span class='ocrx_word' id='word_1_292' title='bbox 186 3624 295 3692; x_wconf 86' lang='lat' dir='ltr'>simplici</span> <span class='ocrx_word' id='word_1_293' title='bbox 310 3623 447 3682; x_wconf 72' lang='lat' dir='ltr'>Pariusue</span> <span class='ocrx_word' id='word_1_294' title='bbox 462 3625 561 3675; x_wconf 87' lang='lat' dir='ltr'>nomine</span> <span class='ocrx_word' id='word_1_295' title='bbox 576 3624 670 3675; x_wconf 82' lang='lat' dir='ltr'>veniat.</span> <span class='ocrx_word' id='word_1_296' title='bbox 706 3622 731 3685; x_wconf 88' lang='lat'>3,</span> <span class='ocrx_word' id='word_1_297' title='bbox 751 3623 807 3689; x_wconf 80' lang='lat'><strong>12),</strong></span> <span class='ocrx_word' id='word_1_298' title='bbox 829 3629 909 3674; x_wconf 85' lang='lat' dir='ltr'>totum</span> <span class='ocrx_word' id='word_1_299' title='bbox 928 3624 1063 3674; x_wconf 87' lang='lat' dir='ltr'>humanum</span> <span class='ocrx_word' id='word_1_300' title='bbox 1084 3608 1164 3690; x_wconf 77' lang='lat' dir='ltr'>genus</span> <span class='ocrx_word' id='word_1_301' title='bbox 1182 3641 1244 3694; x_wconf 91' lang='lat' dir='ltr'>per-</span> 
     </span>
     <span class='ocr_line' id='line_1_33' title="bbox 136 3706 1242 3777; baseline 0.003 -18"><span class='ocrx_word' id='word_1_302' title='bbox 136 3707 187 3775; x_wconf 86' lang='lat' dir='ltr'>[cf.</span> <span class='ocrx_word' id='word_1_303' title='bbox 207 3724 229 3760; x_wconf 82' lang='lat' dir='ltr'>c.</span> <span class='ocrx_word' id='word_1_304' title='bbox 249 3707 298 3760; x_wconf 79' lang='lat'>26:</span> <span class='ocrx_word' id='word_1_305' title='bbox 322 3706 352 3761; x_wconf 75' lang='grc' dir='ltr'>ἐν</span> <span class='ocrx_word' id='word_1_306' title='bbox 379 3709 413 3777; x_wconf 82' lang='grc' dir='ltr'>τῇ</span> <span class='ocrx_word' id='word_1_307' title='bbox 439 3711 549 3760; x_wconf 69' lang='lat' dir='ltr'>Fecisse</span> <span class='ocrx_word' id='word_1_308' title='bbox 572 3706 670 3774; x_wconf 77' lang='grc' dir='ltr'><strong><em>νέγρα-</em></strong></span> <span class='ocrx_word' id='word_1_309' title='bbox 707 3709 780 3760; x_wconf 88' lang='lat' dir='ltr'>vasit.</span> <span class='ocrx_word' id='word_1_310' title='bbox 818 3709 936 3760; x_wconf 85' lang='lat' dir='ltr'>Clemens</span> <span class='ocrx_word' id='word_1_311' title='bbox 955 3709 1028 3758; x_wconf 85' lang='lat' dir='ltr'>Rom.</span> <span class='ocrx_word' id='word_1_312' title='bbox 1049 3708 1063 3761; x_wconf 86' lang='lat'><strong>1</strong></span> <span class='ocrx_word' id='word_1_313' title='bbox 1085 3711 1145 3764; x_wconf 84' lang='lat' dir='ltr'>cor.</span> <span class='ocrx_word' id='word_1_314' title='bbox 1172 3727 1193 3762; x_wconf 87' lang='lat' dir='ltr'>e.</span> <span class='ocrx_word' id='word_1_315' title='bbox 1212 3711 1242 3764; x_wconf 80' lang='lat'>3:</span> 
     </span>
     <span class='ocr_line' id='line_1_34' title="bbox 133 3783 1245 3860; baseline 0.003 -16"><span class='ocrx_word' id='word_1_316' title='bbox 133 3792 224 3860; x_wconf 73' lang='lat' dir='ltr'>mec]</span> <span class='ocrx_word' id='word_1_317' title='bbox 263 3795 306 3846; x_wconf 88' lang='lat' dir='ltr'>Sic</span> <span class='ocrx_word' id='word_1_318' title='bbox 329 3797 355 3845; x_wconf 87' lang='lat' dir='ltr'>et</span> <span class='ocrx_word' id='word_1_319' title='bbox 373 3794 531 3859; x_wconf 82' lang='lat' dir='ltr'><strong>Epiphanius</strong></span> <span class='ocrx_word' id='word_1_320' title='bbox 550 3794 587 3845; x_wconf 86' lang='lat' dir='ltr'>De</span> <span class='ocrx_word' id='word_1_321' title='bbox 606 3808 671 3860; x_wconf 92' lang='lat' dir='ltr'>pon·</span> <span class='ocrx_word' id='word_1_322' title='bbox 708 3788 744 3844; x_wconf 81' lang='grc' dir='ltr'>δι’</span> <span class='ocrx_word' id='word_1_323' title='bbox 763 3783 799 3845; x_wconf 64' lang='grc' dir='ltr'>ον’</span> <span class='ocrx_word' id='word_1_324' title='bbox 817 3795 868 3859; x_wconf 80' lang='lat' dir='ltr'>(sc.</span> <span class='ocrx_word' id='word_1_325' title='bbox 882 3788 967 3858; x_wconf 78' lang='grc' dir='ltr'><strong><em>ζήλου</em></strong></span> <span class='ocrx_word' id='word_1_326' title='bbox 981 3791 1030 3846; x_wconf 75' lang='grc' dir='ltr'>καὶ</span> <span class='ocrx_word' id='word_1_327' title='bbox 1046 3792 1161 3860; x_wconf 79' lang='grc' dir='ltr'><strong><em>φθόνον</em></strong></span> <span class='ocrx_word' id='word_1_328' title='bbox 1182 3797 1245 3847; x_wconf 81' lang='lat' dir='ltr'>Gui-</span> 
     </span>
     <span class='ocr_line' id='line_1_35' title="bbox 133 3875 1244 3947; baseline 0.001 -18"><span class='ocrx_word' id='word_1_329' title='bbox 133 3876 236 3929; x_wconf 84' lang='lat' dir='ltr'>‹leribus</span> <span class='ocrx_word' id='word_1_330' title='bbox 257 3882 282 3930; x_wconf 88' lang='lat' dir='ltr'>et</span> <span class='ocrx_word' id='word_1_331' title='bbox 301 3879 427 3930; x_wconf 89' lang='lat' dir='ltr'>mensuris</span> <span class='ocrx_word' id='word_1_332' title='bbox 456 3877 498 3944; x_wconf 84' lang='grc' dir='ltr'>[Τ.</span> <span class='ocrx_word' id='word_1_333' title='bbox 518 3876 555 3944; x_wconf 91' lang='grc'>11]</span> <span class='ocrx_word' id='word_1_334' title='bbox 575 3895 601 3947; x_wconf 90' lang='lat' dir='ltr'>p.</span> <span class='ocrx_word' id='word_1_335' title='bbox 622 3877 671 3930; x_wconf 72' lang='lat'>161</span> <span class='ocrx_word' id='word_1_336' title='bbox 707 3881 744 3943; x_wconf 84' lang='lat' dir='ltr'>ni,</span> <span class='ocrx_word' id='word_1_337' title='bbox 765 3879 796 3931; x_wconf 87' lang='lat' dir='ltr'>ci.</span> <span class='ocrx_word' id='word_1_338' title='bbox 816 3893 837 3928; x_wconf 86' lang='grc' dir='ltr'>ο.</span> <span class='ocrx_word' id='word_1_339' title='bbox 854 3878 883 3945; x_wconf 85' lang='grc'>4)</span> <span class='ocrx_word' id='word_1_340' title='bbox 904 3877 952 3932; x_wconf 80' lang='lat' dir='ltr'>uui</span> <span class='ocrx_word' id='word_1_341' title='bbox 970 3875 1097 3940; x_wconf 77' lang='grc' dir='ltr'><strong><em>θάνατος</em></strong></span> <span class='ocrx_word' id='word_1_342' title='bbox 1116 3880 1244 3944; x_wconf 77' lang='grc' dir='ltr'><strong><em>εἰσῆλθον</em></strong></span> 
     </span>
     <span class='ocr_line' id='line_1_36' title="bbox 134 3959 1244 4037; baseline 0.002 -24"><span class='ocrx_word' id='word_1_343' title='bbox 134 3959 187 4029; x_wconf 73' lang='grc' dir='ltr'>τὴν</span> <span class='ocrx_word' id='word_1_344' title='bbox 212 3963 311 4033; x_wconf 76' lang='grc' dir='ltr'><strong><em>βίβλον</em></strong></span> <span class='ocrx_word' id='word_1_345' title='bbox 324 3963 381 4037; x_wconf 47' lang='grc' dir='ltr'>Κτῆς</span> <span class='ocrx_word' id='word_1_346' title='bbox 400 3961 450 4014; x_wconf 79' lang='grc' dir='ltr'>τοῦ</span> <span class='ocrx_word' id='word_1_347' title='bbox 471 3961 578 4028; x_wconf 86' lang='grc' dir='ltr'><strong><em>κόσμου</em></strong></span> <span class='ocrx_word' id='word_1_348' title='bbox 596 3959 671 4029; x_wconf 77' lang='grc' dir='ltr'><strong><em>γενέ·</em></strong></span> <span class='ocrx_word' id='word_1_349' title='bbox 706 3963 746 4024; x_wconf 81' lang='grc' dir='ltr'>εἰς</span> <span class='ocrx_word' id='word_1_350' title='bbox 762 3962 810 4015; x_wconf 83' lang='grc' dir='ltr'>τόν</span> <span class='ocrx_word' id='word_1_351' title='bbox 828 3959 943 4031; x_wconf 83' lang='grc' dir='ltr'><strong><em>κόσμον.</em></strong></span> <span class='ocrx_word' id='word_1_352' title='bbox 977 3966 1018 4018; x_wconf 83' lang='lat' dir='ltr'>Ex</span> <span class='ocrx_word' id='word_1_353' title='bbox 1037 3969 1139 4032; x_wconf 86' lang='lat' dir='ltr'>peceato</span> <span class='ocrx_word' id='word_1_354' title='bbox 1160 3967 1244 4015; x_wconf 87' lang='lat' dir='ltr'>autem</span> 
     </span>
    </p>
   </div>
   <div class='ocr_carea' id='block_1_4' title="bbox 133 4047 1243 4211">
    <p class='ocr_par' dir='ltr' id='par_1_5' title="bbox 133 4047 1243 4211">
     <span class='ocr_line' id='line_1_37' title="bbox 134 4047 1243 4195; baseline 0 -96"><span class='ocrx_word' id='word_1_355' title='bbox 134 4062 203 4108; x_wconf 74' lang='lat' dir='ltr'>oeno</span> <span class='ocrx_word' id='word_1_356' title='bbox 222 4048 340 4114; x_wconf 84' lang='lat' dir='ltr'>advocat,</span> <span class='ocrx_word' id='word_1_357' title='bbox 368 4053 394 4100; x_wconf 88' lang='lat' dir='ltr'>ct</span> <span class='ocrx_word' id='word_1_358' title='bbox 413 4047 556 4100; x_wconf 80' lang='lat' dir='ltr'>chalcidius</span> <span class='ocrx_word' id='word_1_359' title='bbox 580 4048 606 4099; x_wconf 95' lang='lat' dir='ltr'>in</span> <span class='ocrx_word' id='word_1_360' title='bbox 626 4048 671 4100; x_wconf 84' lang='lat' dir='ltr'>Ti·</span> <span class='ocrx_word' id='word_1_361' title='bbox 706 4047 796 4100; x_wconf 80' lang='lat' dir='ltr'>Adami</span> <span class='ocrx_word' id='word_1_362' title='bbox 815 4052 939 4117; x_wconf 88' lang='lat' dir='ltr'>tamquam</span> <span class='ocrx_word' id='word_1_363' title='bbox 965 4051 1086 4102; x_wconf 75' lang='lat' dir='ltr'>erfonis</span> <span class='ocrx_word' id='word_1_364' title='bbox 1105 4047 1243 4195; x_wconf 49' lang='lat' dir='ltr'>mpff:</span> 
     </span>
     <span class='ocr_line' id='line_1_38' title="bbox 133 4128 1208 4211; baseline 0 -27"><span class='ocrx_word' id='word_1_365' title='bbox 133 4147 232 4184; x_wconf 82' lang='lat' dir='ltr'>meeum</span> <span class='ocrx_word' id='word_1_366' title='bbox 250 4133 364 4185; x_wconf 84' lang='lat' dir='ltr'>Platonis</span> <span class='ocrx_word' id='word_1_367' title='bbox 382 4134 416 4186; x_wconf 89' lang='lat' dir='ltr'>ita</span> <span class='ocrx_word' id='word_1_368' title='bbox 434 4148 459 4200; x_wconf 92' lang='lat' dir='ltr'>p.</span> <span class='ocrx_word' id='word_1_369' title='bbox 476 4130 544 4185; x_wconf 78' lang='lat'><strong>372:</strong></span> <span class='ocrx_word' id='word_1_370' title='bbox 566 4131 671 4199; x_wconf 77' lang='lat' dir='ltr'>Moyses</span> <span class='ocrx_word' id='word_1_371' title='bbox 705 4133 799 4189; x_wconf 85' lang='lat' dir='ltr'>lib.11.</span> <span class='ocrx_word' id='word_1_372' title='bbox 819 4151 840 4189; x_wconf 87' lang='grc' dir='ltr'>ο.</span> <span class='ocrx_word' id='word_1_373' title='bbox 853 4135 887 4189; x_wconf 77' lang='grc'>25</span> <span class='ocrx_word' id='word_1_374' title='bbox 905 4134 960 4202; x_wconf 80' lang='lat' dir='ltr'>fin,</span> <span class='ocrx_word' id='word_1_375' title='bbox 979 4134 1035 4187; x_wconf 90' lang='lat' dir='ltr'>coli.</span> <span class='ocrx_word' id='word_1_376' title='bbox 1056 4150 1077 4185; x_wconf 91' lang='lat' dir='ltr'>c.</span> <span class='ocrx_word' id='word_1_377' title='bbox 1096 4133 1139 4185; x_wconf 77' lang='lat'>27.</span> <span class='ocrx_word' id='word_1_378' title='bbox 1158 4128 1208 4211; x_wconf 33' lang='lat' dir='ltr'>‘&#39;s‘&#39;</span> 
     </span>
    </p>
   </div>
   <div class='ocr_carea' id='block_1_5' title="bbox 0 0 1422 4852">
    <p class='ocr_par' dir='ltr' id='par_1_6' title="bbox 0 0 1422 4852">
     <span class='ocr_line' id='line_1_39' title="bbox 0 0 1422 4852; baseline 0 1"><span class='ocrx_word' id='word_1_379' title='bbox 0 0 1422 4852; x_wconf 95' lang='lat' dir='ltr'> </span> 
     </span>
    </p>
   </div>
  </div>
 </body>
</html>
