2836 4852
400 265 457 328 An
469 264 724 329 annoticum
744 264 908 329 un.·.1n·=‘
1175 263 1220 335 Μ

106 439 192 508 Quae
214 452 307 512 quum
332 428 425 514 iioit,
453 453 514 498 nou
542 439 603 498 iam
625 431 717 500 deum
739 439 830 499 nobis
853 434 991 498 exbibet.
1035 439 1111 508 Quis
1131 443 1215 503 'euim

106 546 209 607 nestit
231 546 386 608 Oceanum
406 563 517 622 aquam
540 563 613 607 esse
622 549 645 607 t.
683 549 801 618 Quodsi
824 564 921 624 aqua,
943 563 1004 608 non
1017 565 1105 626 ‚ergo
1127 551 1216 612 deus.

107 655 195 717 Deus
218 672 307 733 voro,
333 655 361 714 si
383 653 516 716 omnium
535 659 663 723 ‚creator
678 659 738 734 est,
759 649 1002 733 utrerora'est,
1023 673 1220 738 aquneergo

109 767 143 825 et
154 765 293 826 marium
316 765 443 824 oreator
465 766 524 824 est.
559 764 632 842 lpse
655 768 747 826 otiam
764 766 921 826 Hesiodus
943 782 1005 825 non
1021 766 1121 827 solum
1138 769 1218 831 deo-

106 892 176 935 rum
202 876 302 934 ortum
325 873 487 950 exposuit,
513 875 570 934 sed
597 876 697 952 ipsius
726 875 821 935 etiam
848 872 962 935 mundi.
1006 875 1053 935 Ao
1075 879 1219 940 mundum

108 983 232 1057 quidem
255 985 394 1044 ereetum
417 999 508 1058 quum
530 984 659 1059 diceret,
682 1000 743 1053 non
765 984 864 1044 valuit
889 985 995 1045 dicero
1011 1002 1030 1043 a
1045 1002 1108 1060 quo
1123 988 1219 1059 enea-

106 1092 158 1152 tus
182 1090 276 1153 soret.
321 1092 406 1151 Deos
431 1094 599 1168 praeterea
623 1092 750 1153 voeavit
773 1092 939 1154 Saturnum
965 1094 1096 1170 eiusque
1121 1097 1220 1159 tilium

105 1199 221 1279 lovem,
243 1200 419 1278 Neptunum
442 1203 478 1260 et.
495 1201 672 1278 Plutonem,
695 1218 774 1278 quos
795 1204 908 1264 mundo
924 1205 1000 1263 natu
1015 1205 1150 1266 minores
1166 1208 1216 1266 in-

105 1311 259 1371 venimus.
306 1309 408 1392 litium
434 1307 602 1371 Saturnum
630 1314 740 1370 namet
768 1329 787 1371 a
809 1311 884 1372 love
912 1313 1044 1391 proprio
1068 1315 1134 1376 filio
1157 1317 1216 1376 do·

105 1419 284 1486 bellatum„
314 1418 366 1479 Sio
387 1417 468 1477 enim
491 1419 551 1477 ait:

159 1543 413 1606 Validooiaeenr
429 1551 552 1622 patrem
577 1545 761 1615 Saturnum
783 1546 855 1606 beno
879 1552 977 1606 antam
1003 1545 1126 1627 simyula

118 1686 124 1702 a
155 1652 379 1714 lmmmtolibar
395 1650 549 1731 disposuit
565 1654 653 1735 paria
664 1654 858 1732 portionibus
873 1661 903 1714 et
918 1654 1023 1714 tribuit
1038 1654 1175 1718 bonores.

107 1787 227 1847 Postea
249 1785 348 1846 insert
369 1783 455 1844 lovis
477 1785 610 1845 filiarum
633 1787 971 1864 commemorationem,
993 1802 1070 1862 quas
1093 1791 1130 1849 et·
1147 1791 1217 1852 Mu·

107 1913 159 1957 sas
182 1897 335 1974 appellnt,
358 1893 470 1970 quibus
492 1895 628 1971 supplex
653 1895 809 1956 invenitur
833 1896 962 1972 cupiens
983 1897 1077 1957 exiis
1094 1899 1217 1960 discere

108 2006 262 2080 quomodo
283 2004 367 2063 faota
390 2002 453 2062 sint
475 2004 586 2062 omnia.
630 2003 711 2063 Dioit
734 2005 830 2064 enim:

155 2135 295 2206 salvata,
317 2134 404 2222 filiae
428 2134 525 2206 loris,
548 2135 622 2198 dale
644 2135 801 2197 amabilem
823 2135 1016 2200 cantilenam.

154 2244 311 2308 Celebrate
324 2241 538 2305 immortalium
554 2243 708 2307 beatorum
723 2265 818 2325 ynam
833 2266 952 2327 semper
968 2250 1184 2318 exsistentiam,

154 2357 215 2428 Qut
236 2353 342 2417 tollore
360 2355 514 2435 proynoti
536 2363 603 2414 sant
627 2363 657 2414 et
680 2353 767 2414 coelo
789 2354 928 2426 stellato,

150 2465 311 2545 Noctemm
332 2463 519 2543 aaliyimosm
542 2483 616 2542 qam
638 2461 733 2522 salona
753 2465 878 2523 nutriuit
899 2473 1022 2542 pontus.

153 2575 263 2635 Dicito
284 2581 318 2634 nt
336 2574 470 2652 primum
494 2571 542 2630 clii
564 2579 594 2631 at
616 2580 697 2631 tomo
720 2572 787 2630 nati
808 2573 886 2646 siat,

149 2683 192 2744 Et
214 2682 341 2763 fiumina
364 2691 393 2742 et
412 2687 526 2760 panim
546 2681 703 2740 immensus
725 2687 810 2740 aesta
829 2681 965 2758 feruens,

149 2789 476 2872 Aetrnqaefulqentia
499 2795 528 2848 et
551 2785 667 2849 eoelum
691 2784 785 2849 latam
807 2807 950 2872 superne,
994 2862 996 2866 Ι
1066 2859 1068 2863 ¹

156 2901 255 2983 thue
278 2919 351 2981 oper
373 2897 532 2958 diviserint
555 2904 585 2959 et
607 2895 737 2958 bonores
755 2898 872 2976 partiti
893 2898 969 2967 sint,
1111 2892 1113 2899 ⁴

155 3009 255 3091 thue
270 3009 361 3070 initio
375 3007 483 3069 maltos
501 3005 652 3081 conualles
668 3006 823 3068 habentem
837 3009 986 3068 tenuerint
1008 3007 1179 3091 Olympum.

176 3256 202 3309 8.
222 3254 341 3320 Χαίρετε
411 3249 517 3322 αὐτῶν]
537 3251 643 3306 Hesioi.
680 3238 752 3304 Boii.
780 3251 858 3305 iidem
872 3267 923 3304 non
938 3254 1061 3320 praebent
1080 3255 1221 3323 integrum,¹

106 3343 125 3394 Ι.
138 3357 161 3394 o.
181 3338 327 3394 104-115.
347 3338 411 3390 Ven.
426 3343 453 3390 et
468 3336 543 3392 Bodl.
562 3334 593 3390 oi
611 3333 643 3389 mi
680 3336 723 3403 qui
747 3335 813 3403 apud
836 3340 937 3402 poetam
957 3340 1074 3406 proxime
1092 3341 1221 3414 sequium

106 3421 132 3478 t
148 3439 198 3496 pro
218 3420 286 3478 bier
304 3419 338 3477 δ’.
371 3423 506 3488 Etitouio,
530 3423 645 3488 exceptis
680 3434 796 3473 uersum:
812 3416 879 3475 οἵτ’
892 3417 922 3474 ἐκ
934 3422 992 3475 τῶν
1004 3419 1132 3491 lainam
1144 3427 1218 3490 broi,

106 3511 174 3566 nell.
191 3511 269 3563 Woit.
289 3509 433 3578 innupta,
451 3503 476 3561 δ’
494 3508 645 3561 omiserunt.
681 3504 805 3574 δωτῆρες
815 3503 897 3559 lolam
917 3507 1222 3580 Gesnerusrermquem-

174 3595 199 3649 9.
213 3593 336 3661 litaturo]
348 3594 411 3647 Ven.
423 3598 449 3647 et
457 3593 530 3646 Boii.
542 3589 645 3647 albere.
682 3591 776 3644 austeri
803 3591 915 3647 editores
940 3595 1021 3647 secuti
1049 3601 1124 3664 sunt,
1151 3597 1222 3650 huno

109 3683 190 3736 iidem
208 3695 268 3734 mox
284 3673 434 3746 μακάρων,
455 3677 500 3730 sed
519 3677 595 3746 trabe
614 3693 647 3731 ex
681 3691 782 3729 uernum
801 3691 814 3728 a
833 3677 979 3745 Theophila
995 3679 1134 3750 (etiamfub
1152 3682 1219 3750 Hip-

107 3769 173 3821 iies.
191 3766 322 3831 substituit
335 3765 476 3828 Genuam,
496 3779 571 3831 aquo
588 3778 646 3816 one·
680 3761 768 3830 polyto
792 3761 818 3812 in
837 3760 924 3814 lietut.
949 3776 1016 3815 omn.
1035 3764 1137 3821 haeres.
1156 3766 1177 3817 1.
1196 3781 1217 3818 a.

107 3853 158 3906 teni
178 3851 290 3904 editores
308 3848 432 3916 pendent
681 3841 722 3896 26.
741 3860 764 3911 p.
784 3842 819 3898 46
843 3845 882 3897 ei.
902 3846 1032 3899 Donakon.
1059 3853 1086 3902 et
1108 3849 1218 3902 Schnei-

179 3935 221 3988 1o.
248 3930 386 4002 ἁλμυρὸς]
414 3931 490 3985 Wolf.
511 3925 645 3998 ἁλμυρΰς,
682 3928 786 3994 beivin.)
801 3929 920 3983 omissum
936 3930 1077 3986 anuinium
1091 3932 1217 3985 Hesiodo:

109 4026 196 4076 eontra
215 4019 287 4076 aoid.
306 4019 491 4072 auctoritatem.
520 4016 645 4084 Humphr.
680 4012 705 4064 iu
726 4012 793 4080 quod
812 4015 935 4081 improbo.

110 4121 142 4159 ex
162 4107 224 4160 Hes.
242 4100 273 4158 θ’
291 4099 421 4170 ἁλμυρὸς.
717 4097 792 4152 «42.
814 4091 866 4162 “na
889 4097 913 4153 τ’
940 4097 1059 4170 ἄφενος]
1091 4101 1153 4153 Van.
1181 4095 1218 4165 ὥς

179 4190 222 4245 11.
250 4184 344 4258 εὐρὺς]
373 4189 453 4242 Deest
478 4187 503 4241 in
533 4186 596 4239 ven.-
622 4189 647 4238 et
682 4178 813 4251 τᾶφενος,
831 4185 907 4239 noun
926 4183 964 4248 aia
982 4183 1017 4239 rai
1035 4180 1130 4252 φενός.
