2836 4852
151 248 214 315 180
460 249 681 311 ruuorfliur
702 248 952 312 aurrocfluru

154 420 189 480 Ti
208 414 235 480 δ’
258 413 324 498 οόχί
347 416 396 479 καλ
419 413 437 479 ό
459 417 632 495 Σιμωνίδης
740 501 742 504 ⁴

674 522 703 562 ¹³
716 521 781 587 Οόκ
804 526 884 600 ἔστιν
904 524 1001 590 κακόν

237 628 465 712 Ἀνιταόόκητον
485 628 680 715 όνθριόιιοις·
703 628 793 719 όλίγῳ
815 634 847 699 δὲ
869 634 969 718 χρόνῳ

241 741 349 815 Πάντα
368 741 555 823 μεταρρίπτει
575 739 665 816 θεός;

155 848 256 914 Πόλιν
278 846 461 932 Εόρικίόης·

200 961 228 998 ¹⁴
244 955 387 1022 Ou'dtnoo'
410 953 549 1036 εότοχίαν
569 961 665 1020 κακοῦ
687 954 798 1040 σίνόρός
816 953 994 1040 όιιὲρφρονοί
1018 957 1041 1020 τ’
1063 961 1158 1042 ὄλβον

241 1070 370 1148 Βίβαιον
392 1060 508 1127 εἰκάσαι
530 1065 643 1145 χριοίν,

245 1171 317 1238 Οὐδ’
340 1170 453 1236 όόίκων
474 1172 596 1255 γενεάν·
622 1169 641 1236 ό
661 1170 718 1255 peip
741 1170 866 1248 ου’όενός
890 1173 985 1251 ίκφός
1006 1176 1113 1259 χρόνος

243 1286 404 1346 Δείκνυσιν
425 1275 602 1360 decoctum
621 1280 794 1360 κακότητας.

147 1391 214 1455 ’Έτι
237 1389 258 1455 ό
281 1387 464 1474 Εόριιιίόης·

202 1500 229 1537 ¹·''
245 1497 291 1564 Οό
312 1501 368 1581 γὰρ
390 1495 587 1562 detestasse*
611 1505 717 1581 θεῖον,
738 1490 798 1562 ἄλλ’
820 1500 877 1581 ἔχει
898 1501 1032 1565 συνιέναι

246 1608 325 1681 Τοὺς
346 1611 447 1681 κακῶς
469 1608 614 1690 παγέντος
635 1603 745 1687 όρκους
767 1609 816 1671 καί
836 1611 1145 1691 κατηναγκασμένους.

159 1718 218 1780 Καὶ
240 1714 258 1780 ό
279 1721 455 1796 Σοφοκλῆς·

204 1826 288 1888 16λλί
307 1821 377 1911 δείν’
397 1822 516 1908 όρεξας,
540 1821 622 1886 deteri
645 1825 695 1888 καί
716 1832 828 1890 παθεῖν
849 1844 880 1890 σε
902 1829 954 1891 δεῖ.
1005 1871 1006 1874 ,

160 2025 365 2088 Thieuemeuuo‚
390 2022 431 2087 qut
455 2021 482 2071 in
508 2020 614 2085 reliquis
639 2037 694 2072 cum
730 2019 938 2090 μεταρρθεός.
967 2023 1085 2080 Absurde
1100 2027 1176 2079 etiam
1189 2028 1269 2080 Thio-

159 2108 252 2160 Wolfio
271 2109 338 2171 iacit,
358 2106 451 2173 placuit
470 2100 530 2158 ‘'Or'
550 2097 586 2156 όν
604 2110 695 2168 ποιεῖς
730 2105 979 2174 nem‚1egit:’Eoti
999 2109 1015 2174 Η
1037 2103 1098 2161 Orio
1116 2105 1203 2178 οίνθρ.
1218 2131 1269 2164 κα·

159 2197 215 2246 κτλ.
253 2192 394 2244 Stobaeus:
413 2181 494 2241 Ὅτι
514 2183 538 2243 δ’
559 2182 594 2242 όν
611 2193 696 2261 ποιῇς
719 2188 781 2268 ,κόν
799 2188 908 2246 eivenit·
930 2194 945 2259 ΙΙ
968 2187 1064 2264 Ὀλίγῳ
1079 2191 1110 2248 δὲ
1124 2213 1166 2263 χρ.
1178 2214 1208 2249 τι.
1222 2216 1269 2265 με·

160 2273 205 2330 act
224 2272 314 2343 νόμιζ’
337 2269 408 2339 όρᾶν
427 2271 514 2335 τινός.
550 2275 634 2328 Etiam
656 2293 695 2344 ep.
730 2274 810 2344 ταρῤ.
835 2278 851 2343 ΙΙ
875 2273 953 2336 Θεός.
1103 2344 1106 2349 ¹

161 2363 275 2429 Theoph.
293 2360 397 2413 Noltius
420 2374 467 2428 pro
487 2357 582 2412 δεινόν
602 2360 697 2412 mauult
800 2361 841 2413 14.
869 2357 1006 2415 Ouidiuoe'
1026 2362 1268 2433 ...κακότηταςῙ

161 2444 212 2501 oiri.
244 2446 280 2498 At
299 2446 419 2510 Wagner.
439 2449 528 2496 censet
543 2441 637 2498 δεινόν
653 2461 695 2498 re·
731 2445 785 2497 Hos
803 2460 895 2498 versus
919 2445 1048 2514 Euripidis
1073 2447 1270 2518 Bellerophonti

160 2531 291 2587 tinendum
307 2540 379 2582 esse:
400 2531 439 2594 „ai
455 2525 480 2581 δ’
494 2522 529 2580 dv
544 2531 697 2593 correxeris,
731 2530 847 2582 attribuit
866 2530 992 2605 stobaeum
1011 2530 1081 2582 Flor.
1101 2531 1136 2585 λλ.
1156 2533 1188 2586 15
1216 2533 1268 2599 (ed.

161 2618 296 2685 genuinam
314 2615 463 2680 scripturam
483 2614 671 2666 revocaveris.“
732 2615 843 2668 Meinek.
866 2615 921 2668 Vol.
938 2616 965 2681 1)
982 2631 1008 2684 p.
1026 2614 1069 2667 63.
1095 2617 1218 2682 Wagner.
1238 2618 1269 2684 (i.

138 2742 153 2753 r
230 2700 272 2753 13.
301 2695 361 2752 Οόιι
380 2735 418 2761 ...
437 2695 518 2765 θεός]
538 2699 592 2772 Hoc
611 2699 696 2764 Simo·
731 2714 752 2750 c.
780 2700 836 2752 Vol.
855 2701 888 2751 λλ.
915 2715 940 2767 p.
959 2698 1039 2764 λλ9)ι
1067 2700 1165 2766 „chori
1191 2703 1269 2754 verta

161 2788 227 2840 nidis
246 2787 415 2850 fragmentum
435 2783 480 2844 sic,
497 2788 616 2848 utsupra
631 2782 697 2848 dedi,
732 2799 789 2836 esse
803 2788 829 2836 et
842 2789 949 2837 metrum
964 2789 990 2837 et
1003 2790 1179 2850 argumentum
1189 2787 1269 2848 ,tuou-

162 2871 264 2924 omnino
289 2868 352 2920 t'en.
379 2870 404 2918 ot
422 2865 495 2917 Bodl.
520 2867 628 2917 hebent:
654 2866 696 2918 ubi
730 2867 815 2920 tenter
832 2868 1035 2920 demonstrant.“
1066 2868 1191 2935 Equidem
1212 2871 1270 2922 dedi

161 2960 246 3008 temen
262 2951 496 3005 verbaiuiormam
513 2966 631 3003 versuum
647 2966 697 3003 non
732 2952 809 3003 verba
835 2955 862 3003 ut
887 2951 913 3002 in
938 2950 1001 3003 Van.
1020 2955 1047 3004 et
1063 2951 1138 3006 Bodi.
1166 2968 1270 3021 eompa-

160 3045 222 3094 sunt
243 3037 400 3090 concinnata.
430 3035 474 3087 Sic
493 3035 568 3086 etiem
588 3035 697 3088 Seleuci·
732 3041 800 3103 rent,
820 3038 862 3088 ubi
881 3049 931 3088 uon
949 3036 1074 3104 disposita
1089 3042 1151 3089 suut
1169 3039 1196 3090 in
1216 3041 1269 3092 ior-

161 3126 291 3179 dewinus-:
317 3121 417 3172 Detect.
444 3123 525 3186 poeti.
554 3119 636 3186 eiegg.
658 3134 696 3185 gr.
732 3135 797 3172 mem
816 3133 952 3184 versuum;
969 3121 995 3172 in
1014 3120 1061 3171 hoc
1079 3125 1178 3173 tantum
1195 3123 1269 3193 peul-

161 3225 187 3277 p.
200 3208 267 3275 390;
286 3206 343 3258 οολλ.
362 3205 488 3256 Exercitt.
509 3203 577 3256 criti.
597 3204 639 3269 tt,
655 3203 696 3257 19.
732 3205 809 3273 lisper
825 3203 941 3270 discessi,
960 3204 1026 3271 quod
1041 3199 1064 3256 τ’
1076 3207 1116 3271 (in
1129 3206 1181 3270 iilis
1196 3208 1268 3260 codd.

161 3292 256 3345 Eadem
275 3289 352 3341 verba
374 3292 514 3352 agnoscunt
532 3287 612 3339 Geso.
633 3289 696 3340 Due.
731 3303 782 3340 non
798 3289 974 3353 conspicuum)
992 3293 1050 3340 ante
1069 3283 1155 3357 ὄλβον
1167 3292 1270 3357 retinui,

161 3378 243 3442 Mon,
269 3374 318 3425 uisi
337 3370 404 3440 quod
423 3372 485 3422 ituc-
505 3376 531 3423 et
549 3372 616 3426 Mor.
639 3369 697 3426 ἔστι
730 3376 786 3439 tuna
806 3385 852 3438 pro
871 3368 937 3424 οιίιλλ
956 3367 1059 3433 ἀδίκως
1074 3391 1103 3427 τι
1117 3373 1184 3428 νέαν
1203 3378 1268 3428 scri·

161 3466 237 3528 atque
270 3457 349 3509 Gesn.
382 3459 409 3506 et
436 3455 502 3506 Mor·
535 3456 697 3521 μιταρίπτει
731 3459 771 3525 psi
790 3451 850 3510 orid’
871 3446 978 3510 ἀδίκων
991 3453 1090 3524 γενεάν
1108 3460 1217 3526 (Stoma
1236 3462 1268 3514 oi.

160 3545 329 3610 seripserunt.
371 3540 486 3605 tiaram,
515 3541 556 3607 qui
582 3542 609 3591 in
633 3541 696 3594 duos
731 3536 809 3608 supra
833 3542 875 3593 lib.
894 3542 915 3593 1.
942 3557 963 3594 e.
982 3542 1007 3594 ³.
1025 3543 1133 3612 n.11)‚'
1157 3543 1268 3612 denique

159 3643 251 3680 versus
270 3624 333 3678 malo
352 3625 491 3690 disposuit,
516 3620 602 3676 κακόν
621 3626 698 3678 eiecit
733 3623 819 3693 λκφός
846 3641 891 3694 pro
917 3623 1031 3693 λκσφός.
1068 3629 1131 3681 Cum
1156 3636 1268 3698 utroque

159 3715 215 3766 sine
235 3713 342 3765 ratione.
374 3708 441 3762 Feli.
462 3709 488 3774 (a
502 3724 551 3776 quo
567 3710 695 3763 Gaisiord.
731 3712 787 3763 cod.
807 3717 871 3764 msto
890 3727 997 3782 prorsus
1016 3713 1172 3766 concordant
1185 3715 1267 3781 Gosn.

160 3797 243 3852 Poett.
267 3797 357 3846 minor.
385 3808 424 3858 gr.
454 3794 508 3845 Voi.
529 3794 574 3845 111.
600 3808 626 3861 p.
643 3793 695 3847 207
731 3797 793 3850 Duc.
812 3798 878 3850 Mor.
905 3797 941 3850 λλ
957 3796 1023 3851 Fati.
1042 3802 1068 3849 et
1087 3799 1162 3852 Woti.
1181 3801 1267 3854 Theo-

159 3884 288 3936 mutuatus
307 3879 359 3944 est)
385 3877 460 3929 Woii.
479 3880 605 3944 Humphr.
632 3879 695 3933 'eise-
726 3881 798 3949 philo
819 3880 988 3934 obtruderuat
1007 3874 1137 3948 εόινχίην
1156 3899 1203 3951 pro
1222 3881 1267 3938 ιό-

159 3969 264 4021 cerunt:
287 3956 348 4015 Οόκ
367 3957 424 4013 ἐστί
446 3962 492 4027 (λλ.
512 3959 578 4028 i'oe')
598 3959 694 4016 οίνεκι-
728 3965 827 4032 τυχίαν
845 3970 874 4019 ot
888 3960 913 4017 δ’
926 3980 973 4033 pro
988 3961 1011 4018 τ’
1030 3968 1110 4033 (hunc
1128 3973 1275 4038 utrumque

160 4043 377 4119 dispensatorio.
392 4042 490 4111 κακόν,
513 4048 529 4112 ΙΙ
555 4044 648 4116 Ὀλίγῳ
662 4047 693 4103 δὲ
728 4065 843 4104 errorem
869 4051 933 4102 Mar.
953 4053 979 4101 et
998 4050 1124 4118 Humphr.
1152 4056 1265 4120 repetie-

158 4140 215 4190 κτλ.
236 4133 362 4202 Humphr.
375 4125 472 4202 Ὀλίγῳ
485 4125 576 4203 χρόνῳ
590 4130 621 4188 δὲ
634 4134 693 4211 κοίη
728 4138 809 4204 runt),
828 4137 1012 4202 praeteream
1031 4135 1106 4203 Sltob.
1126 4138 1182 4190 roei
1199 4136 1265 4206 χρό-
