2836 4852
464 270 522 330 Ao
543 269 788 332 AUTOLYCUM
812 270 889 334 ΗΒ.
909 271 947 334 ll.
1199 271 1262 338 lot

195 435 205 476 ἴ
240 442 288 500 18.
318 439 408 509 Quod
430 443 533 500 nutem
557 444 681 518 spectat
709 436 905 502 uoluminis
925 444 1134 522 creationem,
1161 449 1261 508 maior

153 552 203 608 est
226 564 316 623 quam
341 553 374 608 ut
400 550 440 608 eb
467 549 592 608 homine
616 552 760 611 enarrari
781 552 900 628 possit,
931 555 1070 627 quamvis
1098 555 1196 617 breve
1220 545 1262 625 sit

152 657 297 732 quotide
319 675 357 717 eo
378 658 484 717 divina
507 659 664 734 seriptura
686 661 918 736 pronuntiatum
941 662 1052 723 refert.
1089 663 1166 723 Dum
1182 668 1261 735 enim

152 767 229 825 dieii
259 767 337 826 deus
354 766 530 850 ‘Faciamus
558 766 707 828 homiuem
729 769 774 828 od
795 771 959 849 imuyinem
982 777 1011 831 et
1033 771 1262 836 similitudinem

152 884 303 948 nostrum,
327 877 429 952 primo
452 876 648 936 demonstrat
668 878 851 954 dignitatem
873 878 1017 939 hominis.
1062 881 1160 950 Quum
1183 885 1262 944 enim

153 985 233 1044 deus
257 985 333 1060 logo
355 985 456 1043 omnia
480 981 626 1056 fecisset,
650 989 741 1061 qussi
768 990 894 1048 caetera
917 990 1008 1066 parvi
1032 990 1180 1069 duceret,
1206 1009 1262 1052 so·

132 1093 215 1152 -lum
247 1094 471 1170 sempiternum
501 1109 579 1169 opus
610 1096 751 1154 manibus
782 1098 908 1173 dignum
939 1099 1099 1158 existimat
1128 1099 1261 1161 hominis

152 1204 353 1265 creationem.
398 1202 477 1271 Quin
499 1205 592 1262 etiam
614 1205 703 1279 quasi
728 1206 847 1265 auxilio
870 1207 1013 1283 indigens
1034 1208 1112 1267 dens
1135 1225 1262 1286 compe·

151 1312 235 1373 nitur
256 1312 327 1372 dom
348 1312 441 1371 uicit:
465 1311 626 1372 Faciamus
647 1312 796 1372 hominem
819 1314 863 1372 ad
882 1316 1045 1393 imupiuem
1067 1323 1098 1375 et
1118 1316 1262 1378 similitu-

153 1420 268 1490 dinem.
314 1419 435 1479 Nemini
460 1426 563 1479 eutem
586 1422 662 1479 dicit
688 1404 861 1492 Faciamus,
893 1425 954 1482 nisi
976 1425 1050 1499 logo
1074 1441 1130 1484 suo
1154 1427 1187 1484 et
1209 1443 1263 1486 sa-

151 1531 292 1608 pientiae
314 1545 402 1588 suae.
449 1527 546 1596 Quum
570 1533 674 1587 eutem
687 1545 764 1596 ,eum
787 1529 919 1590 iecisset
941 1534 974 1591 et
995 1532 1211 1594 benedixisset
1230 1539 1265 1596 ut

153 1641 397 1716 eugeseeretet
419 1638 561 1713 repleret
583 1641 716 1714 terram,
741 1638 874 1698 subiecit
897 1641 997 1698 omnia
1020 1638 1088 1702 eius
1102 1638 1263 1718 potestuti

153 1751 187 1809 et
213 1749 365 1824 imperio,
403 1746 623 1821 ordinavitque
658 1748 692 1804 ut
722 1747 762 1804 eb
792 1748 882 1807 initio
911 1748 1066 1810 fructibus
1095 1754 1201 1810 terrae
1231 1756 1264 1812 et

153 1858 324 1930 seminibus
353 1862 385 1917 et
400 1855 515 1914 -lrerbis
546 1858 579 1915 et
601 1854 702 1930 pomis
725 1858 925 1933 vesceretur,
955 1858 1047 1919 simul
1079 1861 1171 1920 etiem
1195 1863 1265 1922 edi·

154 1984 228 2029 oens
251 1969 284 2027 ut
305 1965 453 2025 animalia
476 1980 536 2023 une
563 1979 630 2022 eum
659 1960 778 2024 homine
808 1965 922 2024 vietum
950 1966 1104 2028 haberent
1132 1971 1165 2030 et
1192 1971 1264 2047 ipsa

154 2091 278 2153 quoque
299 2074 440 2134 omnibus
463 2074 568 2131 terrae
591 2073 761 2134 seminibus
784 2077 998 2136 vescerentur.

243 2297 292 2356 19.
331 2295 428 2364 Quum
460 2294 506 2352 sie
536 2291 730 2352 absolvisset
762 2290 839 2353 deus
871 2296 991 2355 eoelum
1022 2298 1055 2355 et
1086 2300 1202 2357 terrem
1232 2300 1266 2358 et

155 2420 242 2465 more
264 2407 298 2464 et
320 2405 421 2463 omnin
444 2420 523 2479 quae
543 2403 630 2461 iniis
651 2402 755 2485 [sunt]
779 2405 871 2461 sexto
891 2404 952 2479 die,
974 2405 1120 2483 requievit
1134 2407 1265 2484 septimo

157 2514 209 2575 die
230 2514 267 2574 ub
290 2513 424 2574 omuibus
446 2513 587 2592 operibns
609 2529 686 2590 quoe
707 2510 796 2588 feeit.
833 2509 953 2570 lieinde
976 2514 1083 2572 saneto
1106 2515 1265 2590 scripturn

157 2641 266 2685 eorum
289 2636 369 2699 quae
390 2622 541 2682 haetenus
564 2620 690 2679 dixerut
705 2616 792 2677 ‘hano
807 2634 954 2678 summum
971 2618 1063 2679 iaoit:
1095 2621 1157 2681 Hic
1176 2614 1266 2705 [est]

154 2917 469 2970 runosoitutclennenlem
480 2913 554 2968 Alex.
570 2913 694 2979 (Proto),
729 2916 753 2966 in
773 2914 862 2981 quinus
881 2911 963 2964 omnis
982 2913 1062 2965 libere
1079 2915 1105 2965 et
1118 2916 1209 2980 sponte
1226 2914 1264 2965 le-

155 3000 311 3069 Gregorium
336 3002 397 3054 Nez.
423 3001 482 3065 (Or.
502 2998 565 3066 43),
592 2999 693 3064 Grego'-
729 2999 772 3063 eit,
791 2997 823 3050 ad
840 3011 904 3065 qnos
923 3002 949 3050 et
964 2998 1086 3064 loquitur,
1106 2996 1192 3049 dicens
1210 2997 1265 3049 Fo-

155 3089 223 3140 rium
250 3086 327 3152 Nyss.
364 3087 402 3151 (in
433 3085 496 3138 illud
526 3078 693 3153 Ποιήσωμεν
729 3084 850 3135 oiomos“
870 3086 919 3135 etc.
948 3082 1058 3134 Basilius
1077 3082 1266 3136 Adnssonom.

155 3172 245 3239 ert),
270 3162 396 3224 loannem*
409 3170 500 3236 chrys.
526 3171 613 3236 (Hom.
632 3170 650 3222 8
667 3170 693 3221 in
729 3171 759 3222 V.
778 3184 800 3221 e.
818 3167 850 3220 4:
881 3169 945 3220 Τίνι
963 3165 1017 3236 peip
1035 3166 1107 3236 λέγει’
1123 3164 1156 3221 vo*
1176 3164 1266 3234 Ποιή-

156 3257 248 3324 Gen.)‚
266 3255 389 3322 cyrillum
409 3255 484 3309 Alex.
503 3255 580 3321 (Ado.
599 3253 647 3307 lul.
667 3269 693 3322 p.
729 3268 820 3320 super
834 3245 854 3320 ἢ
864 3253 904 3322 τῷ
920 3248 991 3324 λόγῳ
1064 3251 1113 3305 uei
1128 3253 1166 3322 τῷ
1181 3248 1267 3307 πνεύ-

155 3341 268 3410 wop).
728 3357 811 3406 pum
840 3339 880 3392 lie
904 3339 962 3404 logo
988 3341 1086 3390 unium
1113 3339 1266 3393 mentionem

226 3427 252 3480 o.
272 3423 393 3492 εἴρηκεν]
413 3427 491 3491 Ven.;
511 3424 578 3490 vulg.
593 3423 694 3491 εἴρηκε.
729 3425 788 3476 insit
803 3424 918 3475 lustinus
935 3409 998 3474 niel.
1015 3437 1037 3474 e.
1054 3422 1098 3474 Tr.
1119 3437 1140 3474 e.
1155 3420 1197 3475 62.
1226 3423 1266 3475 Gt.

157 3511 316 3580 Theophilus
348 3513 390 3564 lito
423 3511 530 3578 sopior
563 3509 694 3579 (spiritum
729 3509 817 3561 Peter.
843 3506 933 3572 liugn.
957 3506 1035 3557 theol.
1060 3505 1095 3557 ie
1115 3505 1175 3558 trin.
1194 3507 1213 3558 l.
1233 3505 1266 3558 ll.

156 3600 286 3649 sunctum:
314 3597 347 3649 ei.
367 3590 487 3648 e.10.‘n.
504 3593 534 3662 t)
554 3594 649 3648 inducit
667 3597 695 3645 ut
730 3608 751 3644 e.
772 3591 795 3643 7.
824 3591 851 3656 §.
870 3589 887 3642 4
904 3604 960 3657 sqq.
986 3594 1012 3641 et
1037 3588 1068 3641 de
1094 3588 1195 3658 opificio
1220 3605 1268 3644 sex

156 3695 304 3748 personam.
338 3680 472 3733 caeterum
491 3681 556 3731 liene
573 3679 614 3731 dei
632 3677 694 3730 allo·
730 3676 827 3728 dierum
846 3675 863 3727 1.
881 3675 915 3726 ll.
934 3689 955 3726 e.
975 3673 999 3725 1.
1018 3674 1044 3739 §.
1063 3672 1088 3726 l.

159 3767 289 3819 ontionem
324 3765 442 3835 plerique
474 3768 576 3833 potrum
607 3763 694 3815 eudem
776 3759 822 3812 -6.
834 3755 1016 3827 προσέταξεν]
1026 3758 1103 3820 Ven.;
1119 3759 1184 3826 vulg.
1194 3760 1266 3824 -ξε.

157 3848 234 3902 modo
252 3849 427 3918 ,interpretati
459 3853 527 3901 sunt.
574 3848 695 3899 lreneens
799 3844 824 3899 7.
844 3839 990 3912 ἁπάντων]
1012 3843 1126 3897 Galloni.
1148 3848 1183 3911 (e.
1200 3847 1266 3897 lter.

156 3934 224 3988 Acir.
242 3936 313 3988 haer.
333 3936 374 3988 ll.
395 3952 416 3987 o.
436 3933 479 3987 20.
498 3929 696 3999 §.1:⁴„ldest
730 3931 789 3985 edit.
809 3930 891 3995 Ven.)
909 3928 1029 3982 mendose
1047 3931 1140 3982 omisit.
1207 3976 1209 3981 ⁴

156 4019 225 4072 enin
245 4021 269 4072 ei
287 4034 389 4089 semper
408 4019 518 4073 Verbum
543 4022 569 4071 et
588 4017 695 4085 Septen·
798 4006 823 4067 '1.
849 4007 965 4082 Οὕτως]
984 4015 1064 4083 Ven.;
1090 4013 1158 4079 vulg.
1183 4004 1266 4064 οὕτω.

155 4104 207 4171 tie,
226 4102 309 4157 Filius
326 4109 353 4158 et
370 4104 496 4174 Spiritus,
521 4102 652 4173 per'quos
670 4104 697 4153 et
730 4129 764 4138 -
783 4098 880 4172 Genus.
898 4099 923 4166 2,
942 4100 1009 4166 leq.
