2836 4852
445 252 504 315 An
527 252 772 317 annoticum
793 251 871 316 nm.
890 251 930 315 11.
1201 251 1242 319 ⁷5

132 423 174 487 nt
195 440 288 502 quum
309 425 549 485 innumerabilia
580 426 734 486 eiusmodi
762 425 926 502 dixerunt,
956 439 1060 484 seeum
1091 424 1152 502 ipsi
1181 443 1243 503 pn-

133 537 262 612 gnantia
291 535 448 595 dixerunt.
493 534 667 613 Sophocles
697 531 792 612 igitur
824 535 877 610 qui
910 535 1139 611 providentiam
1167 536 1244 597 allhi

133 645 219 704 tollit
243 645 333 718 [dioit
354 646 433 719 sio]:

177 753 241 814 Da·
261 755 356 814 iulum
377 754 464 814 huod
484 756 569 834 fuyit
591 751 739 815 mortalis.

133 863 229 924 Immo
252 865 479 925 multitudinem
511 867 640 925 duorum
670 865 859 927 induxerunt
889 865 944 925 aut
968 862 1062 922 etiam
1086 862 1245 942 singulare

136 974 187 1034 dei
209 975 372 1052 imperium
396 975 560 1035 dixerunt:
590 978 622 1034 et
644 976 751 1034 eontra
774 989 840 1048 eos,
863 973 914 1048 qni
936 972 1166 1050 providentiam
1190 989 1245 1035 es·

135 1087 260 1162 serunt,
286 1085 404 1144 nnllam
426 1100 498 1143 esse
522 1084 751 1161 providentiam
774 1082 930 1144 dixerunt.
976 1081 1054 1143 lllnu
1076 1081 1245 1162 Euripides

136 1193 302 1253 confitetur
323 1195 387 1254 sie:

106 1314 108 1318 ‘
178 1302 342 1364 studemus
365 1301 466 1364 multis
488 1322 542 1382 spe
563 1301 701 1381 impleti,
724 1305 841 1382 frustra

177 1411 328 1475 Laborem
350 1412 507 1481 habentes,
530 1413 635 1492 ipnuri
658 1414 799 1472 omniu-m.

134 1520 288 1581 Fateatur
301 1523 355 1581 vel
369 1522 459 1581 inviti
474 1538 582 1581 verum
598 1537 633 1580 se
648 1521 786 1580 nescire:
810 1521 877 1596 sed,
894 1536 912 1578 a
927 1519 1130 1583 daemonibus
1144 1521 1246 1599 inspi-

133 1631 197 1689 rati
219 1632 250 1690 et
266 1632 374 1708 inllati,
397 1631 546 1706 quidquid
564 1631 710 1689 dixerunt
727 1645 833 1688 eornm
851 1627 959 1689 afflatu
974 1630 1132 1689 dixerunt.
1168 1630 1247 1692 Nam

137 1739 282 1816 proiecto
299 1743 424 1818 poetae,
438 1739 591 1798 Homerus
607 1739 729 1798 scilieet
744 1741 776 1797 et
788 1737 956 1814 Hesiodus,
972 1755 989 1796 a
1002 1739 1099 1798 Musis
1114 1742 1148 1799 ut
1160 1741 1247 1801 aiunt

137 1848 246 1925 afflati,
269 1865 310 1909 ex
332 1866 412 1908 vana
431 1849 523 1908 animi
548 1848 682 1924 imagine
704 1848 737 1906 et
752 1863 863 1906 errore
883 1846 1104 1926 loquebantur,
1127 1866 1184 1909 neo
1206 1865 1247 1910 ex

137 1975 217 2036 puro
241 1960 355 2036 spiritu
377 1960 434 2019 sed
456 1957 671 2018 fraudulento.
712 1955 748 2016 ld
767 1956 854 2016 clare
877 1973 917 2015 ex
941 1973 979 2016 eo
1004 1934 1247 2038 demonstratur,

137 2069 221 2144 quud
251 2070 303 2146 qni
332 2085 351 2127 a
379 2067 581 2127 daemonibus
610 2067 764 2126 interdum
791 2067 1003 2143 corripiuntur
1025 2066 1048 2125 ii
1070 2067 1247 2130 etiamnunc

136 2301 219 2360 πολλ’.
238 2308 343 2360 Priores
362 2309 472 2361 editores
491 2307 568 2360 rerba
588 2306 674 2359 ueluti·
709 2308 774 2360 mule
802 2309 1019 2376 interpretantur:
1053 2313 1084 2362 ul
1110 2311 1166 2378 ipsi
1195 2309 1273 2378 (illi.

136 2407 210 2460 quam
238 2395 352 2445 numeris
380 2393 541 2445 clauserunt:
574 2393 674 2445 demum
708 2394 814 2460 poetae)
834 2395 933 2445 dicarat

135 2477 224 2530 Fellus
242 2482 268 2528 el
287 2477 392 2530 Wolfius
419 2478 529 2529 inillam
555 2491 674 2528 versuum
776 2477 819 2528 27.
835 2473 886 2530 Ἐκ
903 2476 1008 2531 τούτου
1027 2476 1058 2533 δὲ
1077 2480 1247 2545 οαφῶςὸοί·

136 2563 241 2617 lerntam
261 2565 455 2628 concinnarunt,
474 2562 520 2615 sed
533 2557 617 2615 οὐδὲν
632 2561 674 2613 ri·
709 2559 819 2626 mourut]
840 2561 1001 2628 Explananda
1020 2564 1152 2628 Theophili
1168 2565 1248 2619 ratle-

137 2645 220 2708 do‘een
234 2649 421 2701 coniunxerunt
433 2647 606 2715 imprudentes
619 2661 674 2697 eum
710 2645 810 2712 dinatio,
829 2659 861 2697 ne
881 2644 997 2696 videnlur
1016 2647 1132 2698 obscura.
1167 2647 1249 2701 uubi-

137 2731 364 2800 sequentibusuol
379 2728 563 2799 heidilonem
578 2731 674 2797 („l)um
710 2731 760 2782 tari
778 2731 844 2784 enim
862 2732 958 2798 possit,
978 2735 1061 2783 utrum
1080 2732 1128 2798 ipsi
1146 2732 1249 2787 daem-

137 2818 201 2870 nihil
221 2818 320 2884 sciunt,
345 2818 385 2869 vel
411 2817 482 2868 inviti
501 2815 675 2884 profitentur“
711 2831 757 2868 nes
788 2816 898 2868 confessi
925 2815 1022 2868 luerint
1049 2831 1078 2868 se
1106 2817 1137 2869 in
1164 2818 1249 2873 istis

137 2901 478 2968 etc.),unuen1usgravms
498 2901 590 2952 omisit.
619 2901 676 2952 ille-
711 2901 944 2967 scriptoribus
971 2905 1089 2968 operatus
1117 2918 1188 2970 esse,
1217 2903 1250 2955 u'n

138 2990 237 3038 moratu
262 2986 365 3052 indigna
383 2987 485 3038 Henlhii
513 2987 566 3052 (ap.
584 2986 675 3037 hlallh.
710 2985 736 3037 id
761 2984 917 3052 Theophilus
944 3000 977 3037 ex
1002 3001 1032 3037 eo
1056 2986 1158 3052 colligat
1183 2987 1250 3055 qued

137 3070 212 3138 le.)
239 3072 402 3135 coniectura,
432 3071 473 3137 qui
500 3069 593 3137 μάτην
618 3073 677 3138 post
711 3090 739 3124 se
767 3071 911 3139 Apollinem
947 3087 1002 3123 esse
1032 3071 1173 3123 interantur
1206 3077 1250 3124 aut

138 3152 257 3228 ἐλπίδων
284 3156 402 3223 opinulus
429 3160 469 3207 est
495 3155 674 3208 removendum
710 3159 785 3209 alium
810 3157 892 3209 deum.
928 3157 1006 3220 Nam,
1031 3160 1060 3208 ut
1084 3157 1120 3207 ait
1138 3155 1249 3210 Laetan-

138 3244 165 3293 οἱ
191 3246 250 3308 post
275 3236 381 3300 εἰδότες
409 3241 596 3296 collocandum:
626 3242 675 3293 nisi
710 3243 760 3295 tius
779 3243 795 3295 l.
815 3243 847 3295 Il.
868 3230 890 3296 a.
911 3243 958 3307 15,
975 3258 1030 3294 nore
1048 3244 1125 3295 modo
1143 3245 1249 3297 doemo-

138 3325 250 3379 eamdam
270 3327 417 3394 repellisset
434 3327 518 3380 Nolle.
711 3344 759 3380 teos
774 3343 832 3380 esse
846 3343 873 3378 se
893 3325 1088 3392 confitebantur,
1108 3331 1250 3382 sedetiam

207 3410 249 3464 25.
276 3406 474 3480 ὁμολογοῦσα]
500 3412 579 3464 lleu.
572 3414 675 3479 ,vulg¹
711 3416 820 3466 nomine
839 3429 890 3464 οοο
910 3411 1035 3478 edebant,
1059 3413 1110 3478 illo
1133 3415 1250 3480 parneis

138 3512 210 3551 v-oa.
712 3499 816 3565 templis
843 3501 1003 3550 adornatur.
1040 3497 1144 3548 Videtur
1165 3498 1250 3550 Theo-

207 3581 250 3634 26.
268 3577 352 3634 ’Ἡτοι
378 3601 430 3649 γαρ
455 3581 523 3650 enh]
555 3583 675 3635 Maranus
710 3583 795 3652 philus
811 3582 868 3634 inde
883 3582 1034 3633 concludere
1050 3583 1250 3651 poetasainllr

137 3668 258 3721 lubenter
278 3685 351 3721 unam
377 3683 410 3720 ex
428 3668 525 3720 duabus
543 3667 676 3738 periodum
710 3669 783 3719 albus
800 3667 931 3734 spiritibus
949 3668 1027 3720 luisse
1046 3669 1154 3734 afflatus,
1174 3671 1250 3738 quip-

137 3754 235 3807 laeeret
259 3753 366 3818 legendo
386 3749 450 3806 Οτι
475 3750 528 3821 γὰρ
547 3753 574 3806 ol
594 3773 676 3821 oeen-
711 3768 743 3820 pe
762 3753 805 3820 qni
824 3751 872 3803 diis
892 3753 1001 3805 earmina
1021 3769 1064 3806 sua
1085 3760 1187 3822 accepta
1206 3770 1249 3808 re-

138 3839 188 3892 nui
261 3834 375 3907 πλάνῳ,
401 3835 429 3891 ἐκ
448 3836 552 3891 τούτου
571 3835 601 3891 δὲ
618 3843 676 3891 uel..
711 3839 816 3890 ferrent.
842 3838 981 3890 Murenam.

140 3923 193 3976 Sed
211 3925 294 3976 obstat
313 3920 344 3976 et
362 3925 494 3994 particula.
529 3925 604 3976 Ferri
627 3940 677 3994 po-
781 3922 823 3977 28.
851 3921 879 3974 oi
897 3923 1099 3992 δαιμονῶντες]
1128 3924 1252 3978 Videntur

139 4013 192 4062 lust
210 4010 337 4076 scriptura
356 4009 453 4076 vulgatu
471 4008 579 4077 ideoque
594 4009 678 4061 debet.
713 4009 759 4062 hae
777 4021 838 4076 rote
860 4023 911 4060 non
926 4011 1092 4075 energumeni
1107 4009 1188 4059 solnm
1204 4007 1250 4061 de·

139 4089 393 4162 Verbno'a'rpaow,
412 4096 574 4147 ulainais
592 4094 678 4163 etso-
713 4093 825 4158 signari,
851 4093 897 4146 sed
919 4095 936 4146 ii
956 4095 1032 4146 etiam
1058 4093 1181 4158 maxime,
1208 4093 1251 4159 qui

138 4195 185 4240 mo
203 4182 303 4246 tradit,
327 4181 404 4240 walt.
430 4182 529 4234 tiaran.
550 4180 677 4250 Humphr.
713 4177 755 4230 vel
773 4176 804 4229 ad
821 4177 982 4232 diviumdum
1009 4178 1048 4232 vel
1066 4176 1096 4229 ad
1121 4177 1181 4231 miri
1203 4176 1250 4230 ali·
