2836 4852
270 245 651 310 couuuunamonum
671 248 714 308 IN
733 243 975 310 uvauautm
996 244 1074 309 ΜΒ.
1093 246 1148 309 lv.
1203 244 1264 312 821

154 426 347 480 monumento
368 419 525 496 significat
545 420 741 480 infidelitatis
764 419 910 479 duritiam
932 418 972 477 ab
996 415 1147 478 hominum
1171 405 1267 480 corde

154 529 340 589 submotam.
378 529 441 587 Por
464 535 604 608 qnantum
627 528 712 589 diem·
729 529 959 591 resurrrectionis
979 527 1111 587 eiusdem
1131 530 1267 605 quatuor

153 638 390 716 evangeliorum
413 638 609 697 demonstrat
631 639 778 715 figuram,
801 653 931 713 quorum
953 636 1151 715 praedicatio
1174 637 1265 697 duri·

152 748 228 807 tiam
249 764 268 806 a
292 747 383 806 nobis
407 745 512 805 aufert
533 748 648 807 cordis.
692 746 781 815 Quod
812 748 916 807 autem
945 745 1129 805 lacrimatur
1151 750 1196 804 est
1218 741 1266 803 Ie·

153 875 218 925 sas,
252 856 306 915 vel
331 857 466 933 propter
496 856 659 932 perfidiam
690 854 876 915 ludaeorum
905 853 959 913 vel
988 855 1024 913 ut
1053 870 1088 913 se
1111 852 1265 912 homiuem

154 964 387 1024 demonstraret
406 964 503 1023 flevit.
544 964 621 1024 item
644 965 739 1024 aliter
762 958 840 1022 ”de
861 961 926 1022 olio
948 961 1069 1022 ancrc
1088 959 1193 1021 Lucae
1214 961 1265 1020 iu-

154 1073 335 1149 quirendum
366 1077 432 1152 est,
465 1075 620 1149 quomodo
651 1075 681 1133 in
705 1072 859 1152 parabola
882 1070 996 1133 Lazari
1027 1073 1118 1132 dives
1140 1073 1172 1130 in
1195 1073 1265 1130 tor·

152 1183 265 1241 mentis
288 1183 330 1241 sit
353 1185 425 1241 ante
446 1183 608 1260 indicium,
629 1186 683 1242 aut
705 1183 859 1258 quomodo
880 1182 1010 1258 digitum
1031 1180 1146 1240 Lazari
1167 1181 1264 1240 dicat.

153 1289 308 1366 Numquid
328 1307 464 1367 corpora
485 1294 568 1369 apud
587 1290 707 1353 inferos
730 1295 811 1364 sunt,
835 1292 889 1350 aut
908 1291 977 1367 ipse
1000 1291 1053 1365 qui
1072 1306 1183 1365 aquam
1205 1290 1264 1348 de-

152 1399 273 1458 siderat
289 1401 436 1474 numquid
457 1402 539 1459 sitim
560 1402 703 1476 corporis
724 1399 905 1459 sentiebat?
940 1398 1024 1456 Haec
1043 1400 1146 1458 autem
1163 1399 1264 1458 omnia

153 1509 321 1566 secundum
345 1522 401 1565 eos
423 1508 554 1567 affectus
576 1509 725 1583 loquitur,
748 1523 827 1582 quos
849 1507 1017 1582 aliquando
1038 1524 1098 1584 pro
1121 1509 1264 1568 necessi-

153 1617 220 1673 tate
248 1615 392 1690 corporis
421 1617 579 1691 gesserat.
630 1614 794 1675 Caeterum
827 1615 884 1675 iile
916 1618 988 1675 aute
1019 1616 1165 1676 iudicium
1193 1619 1263 1677 tor·

153 1730 326 1782 mentorum
349 1739 460 1782 seusus
484 1725 574 1798 quasi
595 1740 654 1799 pro
678 1698 748 1784 loco
772 1725 946 1802 custodiae,
968 1724 999 1782 in
1023 1740 1083 1799 quo
1107 1727 1186 1800 erat,
1208 1743 1264 1786 ac·

153 1831 316 1908 cipiendus
347 1833 406 1891 est.
448 1832 512 1890 Res
539 1832 655 1908 quippe
678 1833 747 1909 ipsa
769 1833 801 1890 in
824 1832 967 1891 custodia
989 1834 1123 1892 nonest
1145 1834 1266 1911 absque

153 1941 330 1999 tormentis.
381 1936 416 1999 In
450 1940 510 1999 hoe
540 1957 681 2017 quoque,
710 1941 791 2015 quod
822 1940 906 2016 apud
933 1939 1086 2000 infernum
1115 1941 1265 2003 Abraha-

153 2066 233 2109 mum
264 2049 367 2126 videt,
398 2045 445 2108 hic
469 2048 602 2108 subesse
632 2065 650 2106 a
680 2049 862 2123 quibusdam
892 2050 975 2108 ratio
1005 2052 1149 2126 putatur,
1176 2054 1265 2126 'quod

154 2173 259 2218 omnes
288 2157 389 2216 sancti
419 2159 491 2216 ante
521 2157 687 2216 adventum
718 2157 833 2216 domini
861 2155 933 2218 lesu
957 2155 1072 2219 Christi
1102 2160 1197 2220 etiam
1223 2162 1265 2221 ad

153 2266 286 2342 interna,
308 2267 383 2324 licet
406 2265 437 2322 in
460 2263 621 2339 refrigerii
643 2265 754 2340 locum,
778 2265 979 2326 descendisse
1002 2268 1155 2327 dicuntur.
1199 2267 1266 2329 Alii

154 2376 323 2453 opinantur.
350 2375 452 2432 locum
481 2373 583 2449 illum,
615 2374 644 2430 in
676 2389 737 2446 quo
758 2372 916 2432 Abraham
940 2379 1025 2450 erat,
1055 2375 1096 2433 ab
1124 2376 1190 2436 illis
1214 2378 1263 2436 in·

155 2485 237 2545 ferni
257 2485 336 2544 iocis
358 2481 489 2543 seorsim
511 2481 541 2539 in
564 2481 782 2558 superioribus
805 2480 905 2540 fnisse
927 2482 1138 2543 constitutum.
1180 2484 1264 2544 Pro-

154 2595 227 2671 pter
254 2592 338 2669 quod
364 2591 439 2651 dicit
466 2591 607 2650 dominus
633 2589 673 2649 de
701 2590 758 2648 illo
786 2590 883 2648 divite
908 2590 991 2664 quod
1019 2588 1136 2651 elecem
1160 2590 1264 2654 oculos

155 2721 243 2773 snos,
275 2719 341 2761 cnm
372 2706 446 2760 essct
468 2700 500 2757 in
523 2700 695 2774 tormentis,
725 2697 803 2756 vidit
829 2696 981 2758 Abraham
1006 2696 1045 2756 tle
1066 2696 1166 2780 longe.
1210 2700 1263 2760 Si-

156 2826 214 2869 nus
244 2825 367 2883 qnoque
396 2808 496 2882 ipsius
518 2804 663 2866 Abrahae
695 2801 840 2883 designat
869 2807 931 2866 loci
960 2806 1046 2867 illius
1069 2811 1102 2868 et
1123 2810 1264 2887 regionis

157 2919 302 2994 quietem.

244 3019 446 3084 “Ambclctc
476 3022 548 3084 dnm
579 3023 675 3086 lacem
706 3025 831 3087 indetis
882 3027 945 3086 Per
973 3027 1074 3086 iucenr
1106 3024 1263 3088 christum

157 3134 322 3210 legemque
344 3133 515 3211 significat,
545 3150 604 3212 per
626 3135 763 3196 tenebras
791 3151 870 3194 vero
897 3134 1114 3195 antichristum
1143 3136 1263 3196 erroris

157 3246 325 3303 auctorem.
360 3236 494 3303 1οΡαιίο
515 3241 711 3320 adponam,
735 3244 806 3324 qnia
826 3251 920 3323 puter
940 3245 1166 3305 maiormecst.
1201 3244 1263 3306 Cur

158 3352 255 3429 igitur
277 3351 354 3410 alibi
369 3352 414 3409 ait
429 3348 535 3410 Iesus:
566 3346 676 3431 “apo
696 3359 725 3411 et
742 3360 835 3431 pater
849 3373 938 3413 anum
952 3353 1072 3414 sumus?
1115 3347 1264 3413 l'Scien-

159 3462 230 3521 dum
262 3463 312 3519 est
344 3460 426 3534 quod
450 3458 594 3519 christus
624 3460 764 3519 dominus
794 3464 903 3521 noster
933 3464 977 3521 ita
1000 3479 1094 3523 verns
1116 3462 1209 3523 homo
1232 3467 1265 3524 et

159 3585 254 3629 uerus
276 3571 326 3628 est
349 3569 444 3628 deus:
469 3569 508 3627 de
528 3568 620 3644 patre
644 3568 702 3626 deo
725 3570 814 3648 deus,
838 3570 876 3629 de
897 3573 996 3630 matre
1017 3570 1141 3629 homine
1161 3572 1264 3634 homo.

158 3677 229 3738 Illic
251 3677 418 3738 secuudum
440 3676 612 3751 hominem,
642 3676 694 3737 hic
722 3680 887 3739 secundum
912 3679 1001 3738 deum
1022 3679 1170 3755 loquutus
1193 3698 1265 3741 cre·

194 3914 196 3919 ⁴
213 3895 256 3949 13.
282 3897 315 3948 de
340 3894 393 3947 clio
417 3890 532 3961 Lazaro]
562 3891 626 3945 Luc.
652 3889 694 3956 16,
779 3890 820 3945 16.
840 3895 897 3962 Epo
916 3891 977 3963 etc]
998 3893 1085 3949 lcann.
1104 3897 1145 3964 10,
1164 3897 1207 3951 30.

160 3979 273 4035 20-21.
780 3976 823 4030 17.
842 3979 978 4033 Sciendum
1057 3983 1159 4035 homine
1177 3981 1264 4052 hemo]

212 4057 694 4137 14.nmeueaerc.]1nnn.12‚es.
730 4061 830 4133 Aperte
858 4065 899 4118 hic
927 4063 1135 4133 Eutychianismo
1164 4069 1265 4121 centra·

211 4149 256 4203 15.
277 4148 348 4201 Vnde
366 4144 427 4214 etc]
448 4146 536 4199 ioann.
552 4143 594 4210 11,
613 4143 656 4198 28.
730 4145 799 4203 dicit.

202 4239 282 4311 corp.
301 4237 387 4309 spru
407 4237 464 4293 Vol.
482 4236 554 4292 vili.
1017 4247 1056 4304 21
