2836 4852
423 284 481 344 An
503 283 749 346 autolicum
771 285 908 346 LlBacll.
1156 276 1221 345 tlt

111 468 298 514 reversurus
331 472 377 514 es.
431 454 538 515 Verba
572 456 669 531 igitur
698 470 808 515 sacrae
841 454 1033 531 scripturae,
1069 455 1217 530 quantum

106 558 222 621 'attinet
250 562 291 621 ad
314 561 477 623 historiam
507 563 641 624 bominis
664 566 696 622 et
719 558 873 640 paradisi,
905 563 960 622 illo
984 563 1075 624 modo
1099 562 1139 622 se'
1157 561 1216 622 b'a·

109 672 195 731 bant.
305 665 308 668 ’
657 669 659 673 ’
916 667 918 671 ’
1036 674 1038 680 ’
1165 686 1167 691 ·

139 770 142 777 ’
197 782 248 839 22.
271 780 365 840 Dices
385 779 483 857 igitur
500 781 590 840 milri:
630 781 728 841 Deum
749 779 796 840 ais
819 778 1041 856 comprehendi
1063 782 1135 840 loco
1156 794 1217 838 noo

108 888 246 965 debere,
276 892 309 947 et
328 890 483 964 quomodo
504 907 584 950 nuuc
612 891 690 950 dicis
710 907 779 950 euru
802 889 834 948 in
856 890 1006 965 paradiso
1029 888 1217 950 ambularet

109 996 193 1055 Audi
216 997 289 1071 quid
311 998 530 1075 respondeam.
574 999 660 1059 lleus
683 1000 807 1075 quidem
830 1000 863 1056 et
886 1001 979 1075 pater
1001 995 1218 1058 universorum

109 1120 171 1164 non
194 1106 301 1180 potest
323 1107 546 1182 comprehendi
572 1108 672 1181 [loco]
697 1123 798 1183 noque
821 1105 980 1167 invenitur
1001 1108 1030 1166 in
1046 1103 1134 1180 loco3
1156 1120 1218 1164 noa
1283 1185 1288 1191 '

110 1212 190 1273 enim
221 1218 270 1272 est
297 1215 386 1274 locus
415 1217 537 1291 requiei
571 1217 648 1276 eius.
702 1215 765 1276 Sed
794 1217 887 1292 logos
917 1216 1002 1292 eius,
1035 1231 1093 1290 per
1127 1212 1219 1288 'quem

105 1322 212 1385 ,omnia
242 1322 334 1397 fecit,
368 1341 459 1398 quum
492 1327 535 1383 sii
563 1327 632 1385 eius
661 1327 763 1385 virtus
794 1333 826 1383 et
857 1324 1028 1400 sapientia,
1058 1337 1220 1382 assumens

108 1431 211 1506 patris
238 1434 270 1488 et
294 1431 407 1489 domini
437 1432 654 1492 universorum
683 1447 870 1509 personam,
899 1432 1049 1490 veniebat
1071 1432 1101 1488 in
1123 1445 1220 1506 para-

108 1539 211 1598 disum
240 1536 296 1598 sub
322 1554 459 1613 persona
482 1540 533 1597 dei
556 1542 589 1598 et
614 1558 680 1600 cum
705 1541 825 1599 Adamo
849 1540 1099 1615 colloquebatur.
1142 1535 1221 1610 Nam

106 1650 143 1706 et
165 1647 233 1722 ipsa
257 1644 363 1706 divina
386 1648 543 1723 scriptura
564 1644 629 1707 nos'
645 1650 738 1707 docet
756 1648 906 1707 Adamum
930 1649 1049 1707 dixisse
1073 1642 1222 1707 auditam

110 1773 181 1816 esse
197 1772 217 1814 o
236 1773 271 1815 se
285 1773 399 1817 vocem.
443 1755 515 1814 Vox
537 1758 639 1815 autem
659 1753 733 1832 quid
756 1757 840 1815 aliud
861 1760 911 1816 est
933 1756 1024 1837 quam
1046 1758 1139 1831 logos
1160 1754 1223 1830 dei,

112 1865 165 1939 qui
186 1865 278 1923 ctiam
302 1865 474 1924 filiuseius
498 1865 572 1922 est?
616 1863 685 1923 Non
708 1867 743 1922 ut
757 1869 873 1940 poetae
895 1867 928 1924 ct
947 1863 1125 1924 fabularum
1140 1862 1222 1923 scri-

110 1975 219 2051 ptores
250 1974 368 2049 finguut
397 1973 480 2030 filios
505 1974 633 2032 deorum
664 1990 705 2032 ex
735 1975 900 2033 concubitu
929 1971 1076 2050 genitos,
1107 1973 1165 2032 sed
1187 1973 1223 2032 ut

104 2083 230 2141 veritas
252 2084 362 2141 narrat
392 2083 488 2157 logon
519 2097 644 2157 semper
673 2082 859 2141 existentem
889 2083 920 2140 in
949 2083 1045 2142 cordo
1069 2081 1122 2141 dei
1143 2080 1221 2139 iusi-

108 2193 186 2250 tum.
240 2190 323 2249 Ante
346 2191 427 2249 enim
455 2207 546 2265 quam
569 2191 735 2265 quidquam
758 2191 850 2249 fleret
880 2191 962 2250 hunc
984 2190 1124 2250 babebat
1145 2205 1223 2248 con·

112 2299 279 2373 siliarium,
311 2300 426 2375 quippe
458 2299 510 2373 qui
542 2299 609 2357 eius
641 2314 727 2356 mens
758 2301 791 2356 et
821 2300 988 2375 prudentia
1020 2300 1072 2358 sit.
1125 2298 1223 2366 Quum

113 2409 216 2467 autem
246 2408 345 2491 volujt
377 2409 454 2466 deus
487 2424 524 2465 ea
556 2406 663 2464 facere
694 2421 775 2480 quae
806 2408 983 2483 statuerat,
1014 2404 1095 2468 hunc
1126 2407 1223 2483 logon

112 2517 219 2592 genuit
249 2515 459 2593 prolatitium,
490 2513 730 2591 primogenitum
760 2516 858 2572 omnis
881 2517 1064 2590 creaturae,
1094 2515 1224 2573 nonita

112 2619 216 2685 tamen
239 2627 275 2684 ui
296 2627 365 2702 ipse
388 2624 464 2700 logo
487 2639 603 2682 vacuus
628 2623 736 2697 fieret,
766 2623 822 2681 sed
845 2625 879 2682 ut
901 2624 998 2698 logon
1025 2623 1176 2698 gigneret¹
1191 2622 1224 2680 et

114 2751 181 2794 cum
204 2735 279 2811 logo
302 2747 360 2793 suo
383 2748 508 2808 semper
533 2734 725 2790 versaretur.
772 2731 858 2790 Unde
880 2746 938 2790 nos
960 2732 1074 2792 docent
1096 2732 1235 2791 sanctae¹

183 2993 207 3046 6.
226 3014 250 3046 τ.
273 2997 370 3064 φωνῆς
389 2993 481 3062 eloqu]
509 2994 604 3046 Gencs.
624 2995 649 3056 3,
754 2993 795 3045 12.
814 2994 852 3062 τῷ
871 2988 954 3061 λόγῳ]
973 2994 1006 3046 ll.
1023 3010 1045 3046 c.
1058 2993 1106 3044 mit
1120 2993 1222 3043 reform

115 3078 162 3145 1o;
181 3081 211 3131 cl.
232 3080 403 3147 supracll.
686 3079 773 3144 Luper
802 3078 844 3143 (da
873 3095 902 3132 er
926 3080 953 3144 ja
980 3078 1071 3131 Gottes
1099 3075 1225 3127 Vernunli

103 3184 105 3189 ’
184 3167 208 3219 7.
242 3165 327 3232 ἐστιν]
368 3170 447 3232 Ven.;
482 3166 550 3232 vulg.
585 3163 650 3218 ἐστι.
685 3163 732 3228 ist)
748 3164 895 3231 allectitiis
910 3160 1222 3228 Verbindrtopblcibcad.

114 3252 211 3304 Deinde
241 3249 351 3320 λέγουσι
381 3252 461 3305 Geso.
491 3251 554 3304 Duc.
583 3251 649 3303 llor.
685 3247 752 3298 llaie
781 3248 935 3301 Roesslcrus
966 3252 992 3300 et
1019 3247 1223 3299 Thicnemannus

113 3337 186 3404 Feli,
205 3351 254 3389 non
274 3354 352 3390 -σιν
371 3337 471 3403 (Ven.).
686 3332 724 3398 τῷ
745 3327 818 3403 λόγῳ
844 3337 998 3399 acceperunt
1025 3346 1072 3398 pro
1098 3325 1146 3383 dcci
1171 3329 1224 3382 τοῦ

181 3421 207 3472 8.
232 3417 305 3474 ’ἀλλὰ
413 3415 594 3486 πρωτότοκον
616 3437 650 3470 nr.
685 3413 786 3484 λόγου,
806 3419 887 3470 darrrb
907 3419 966 3469 scio
989 3416 1061 3468 Wort
1080 3417 1139 3467 siclt
1156 3415 1224 3467 olle·

114 3506 238 3573 naiores]
257 3505 482 3560 Dehoclccondi
499 3503 650 3557 c.1tl.n.ti.
685 3503 737 3553 scit
769 3501 948 3569 offerrbcrcnd.
995 3502 1046 3552 lam
1078 3499 1224 3552 Loclflcrus

103 3591 152 3642 cl.
177 3590 485 3656 Baumgarten-Crusios
511 3590 602 3655 Gomp.
624 3590 650 3641 d.
678 3586 807 3648 ¹(sooner.
841 3586 913 3639 Vere.
940 3586 982 3640 rib.
1010 3586 1035 3635 d.
1062 3585 1170 3636 Pluton.
1197 3583 1224 3636 d.

113 3676 214 3728 eluisti.
228 3675 437 3741 Doqmcnqcscb.
458 3673 486 3724 Ρ,
503 3674 537 3724 ll.
553 3687 577 3739 p.
591 3670 651 3723 149.
686 3672 864 3732 mretricem,
891 3667 931 3720 ed.
950 3669 975 3733 l,
996 3684 1022 3736 p.
1043 3666 1107 3732 448)
1136 3671 1224 3720 contra

121 3786 124 3794 ·
182 3757 205 3811 9.
225 3754 307 3827 εἶχεν]
325 3760 405 3823 Ven.;
423 3758 490 3823 vulg.
506 3753 568 3824 εἶχε.
587 3759 651 3809 ltcm
687 3755 802 3805 monuit:
828 3753 994 3818 „Niclmnur
1012 3753 1058 3804 der
1076 3750 1223 3818 Gegonsatz

112 3847 202 3909 postea
220 3839 357 3910 ἐγέννησε.
567 3875 570 3879 «
607 3888 609 3891 .
686 3836 783 3904 spricbt
808 3835 888 3888 wider
916 3835 988 3889 diesc
1015 3836 1223 3899 Ucbsrsctzunffi

102 3963 106 3968 .
167 3926 224 3980 10.
244 3945 331 3994 opor.
351 3946 381 3979 π.
398 3925 481 3992 urio]
507 3924 611 3978 coloss:
625 3923 650 3988 1,
687 3923 750 3974 auch
771 3920 814 3973 das
834 3921 943 3988 Obicit,
969 3922 1013 3974 aul
1035 3921 1144 3972 welches
1170 3918 1224 3970 sich

114 4010 156 4063 15.
600 4047 603 4055 .
686 3999 797 4071 ω’μιλῶν
812 4005 929 4068 bezlcbt,
947 4003 1034 4057 rvbrdc
1052 4002 1163 4055 lchleu.“

183 4095 224 4148 11.
249 4092 285 4149 ου’
304 4094 439 4157 κενωθεὶς
463 4113 491 4146 α.
511 4112 533 4144 τ.
555 4091 649 4161 λόγου]
755 4089 796 4140 13.
832 4088 859 4140 oi
893 4082 1140 4155 πνευματοφόοοι]
1174 4085 1222 4138 ud.

114 4180 153 4232 cl.
172 4180 264 4232 lustin.
282 4180 346 4233 lllal.
360 4195 382 4232 c.
395 4179 438 4232 Tr.
456 4194 477 4230 c.
491 4175 533 4229 til.
547 4178 650 4244 mbsq.
687 4174 770 4227 Reuss
796 4174 863 4242 (llic
899 4160 1054 4227 G'cscbicbie
1082 4170 1223 4224 dcr'bcil.
