<?xml version="1.0" encoding="UTF-8"?>
<!DOCTYPE html PUBLIC "-//W3C//DTD XHTML 1.0 Transitional//EN"
    "http://www.w3.org/TR/xhtml1/DTD/xhtml1-transitional.dtd">
<html xmlns="http://www.w3.org/1999/xhtml" xml:lang="en" lang="en">
 <head>
  <title>
</title>
<meta http-equiv="Content-Type" content="text/html;charset=utf-8" />
  <meta name='ocr-system' content='tesseract 3.04.00' />
  <meta name='ocr-capabilities' content='ocr_page ocr_carea ocr_par ocr_line ocrx_word'/>
</head>
<body>
  <div class='ocr_page' id='page_1' title='image "./corpusapologeta00unkngoog_0051.png"; bbox 0 0 2836 4852; ppageno 0'>
   <div class='ocr_carea' id='block_1_1' title="bbox 463 308 1210 384">
    <p class='ocr_par' dir='ltr' id='par_1_1' title="bbox 463 308 1210 384">
     <span class='ocr_line' id='line_1_1' title="bbox 463 308 1210 384; baseline -0.007 -1"><span class='ocrx_word' id='word_1_1' title='bbox 463 308 846 384; x_wconf 75' lang='lat' dir='ltr'><strong>PROLEGOMENA.</strong></span> <span class='ocrx_word' id='word_1_2' title='bbox 1146 329 1210 379; x_wconf 75' lang='lat' dir='ltr'>xlx</span> 
     </span>
    </p>
   </div>
   <div class='ocr_carea' id='block_1_2' title="bbox 97 493 1218 1956">
    <p class='ocr_par' dir='ltr' id='par_1_2' title="bbox 97 493 1218 1956">
     <span class='ocr_line' id='line_1_2' title="bbox 104 493 1209 590; baseline -0.003 -22"><span class='ocrx_word' id='word_1_3' title='bbox 104 498 190 568; x_wconf 92' lang='lat' dir='ltr'>olim</span> <span class='ocrx_word' id='word_1_4' title='bbox 216 497 335 590; x_wconf 67' lang='lat' dir='ltr'>told,</span> <span class='ocrx_word' id='word_1_5' title='bbox 360 493 491 567; x_wconf 88' lang='lat' dir='ltr'>0xonii</span> <span class='ocrx_word' id='word_1_6' title='bbox 513 499 550 568; x_wconf 93' lang='lat' dir='ltr'>in</span> <span class='ocrx_word' id='word_1_7' title='bbox 576 497 805 570; x_wconf 75' lang='lat' dir='ltr'>Bibliotheca</span> <span class='ocrx_word' id='word_1_8' title='bbox 829 497 1032 569; x_wconf 86' lang='lat' dir='ltr'>Bodleiana</span> <span class='ocrx_word' id='word_1_9' title='bbox 1060 495 1209 585; x_wconf 85' lang='lat' dir='ltr'>reposi-</span> 
     </span>
     <span class='ocr_line' id='line_1_3' title="bbox 102 621 1207 716; baseline -0.002 -24"><span class='ocrx_word' id='word_1_10' title='bbox 102 628 161 692; x_wconf 86' lang='lat' dir='ltr'>tus</span> <span class='ocrx_word' id='word_1_11' title='bbox 179 624 295 712; x_wconf 81' lang='lat' dir='ltr'>(auct</span> <span class='ocrx_word' id='word_1_12' title='bbox 311 621 352 690; x_wconf 86' lang='lat' dir='ltr'>E.</span> <span class='ocrx_word' id='word_1_13' title='bbox 371 625 404 690; x_wconf 88' lang='lat'>1.</span> <span class='ocrx_word' id='word_1_14' title='bbox 423 623 506 715; x_wconf 84' lang='lat'><strong>11),</strong></span> <span class='ocrx_word' id='word_1_15' title='bbox 532 624 762 716; x_wconf 83' lang='lat' dir='ltr'>chartaceus,</span> <span class='ocrx_word' id='word_1_16' title='bbox 788 646 834 694; x_wconf 88' lang='lat' dir='ltr'>cx</span> <span class='ocrx_word' id='word_1_17' title='bbox 857 624 988 694; x_wconf 89' lang='lat' dir='ltr'>charta</span> <span class='ocrx_word' id='word_1_18' title='bbox 1010 621 1207 712; x_wconf 87' lang='lat' dir='ltr'>laevigata,</span> 
     </span>
     <span class='ocr_line' id='line_1_4' title="bbox 101 746 1208 842; baseline -0.001 -27"><span class='ocrx_word' id='word_1_19' title='bbox 101 746 269 840; x_wconf 85' lang='lat' dir='ltr'>infolio,</span> <span class='ocrx_word' id='word_1_20' title='bbox 295 746 468 818; x_wconf 86' lang='lat' dir='ltr'>foliorum</span> <span class='ocrx_word' id='word_1_21' title='bbox 491 750 582 842; x_wconf 75' lang='lat'><strong>286,</strong></span> <span class='ocrx_word' id='word_1_22' title='bbox 618 750 717 818; x_wconf 89' lang='lat' dir='ltr'>circa</span> <span class='ocrx_word' id='word_1_23' title='bbox 744 750 903 819; x_wconf 89' lang='lat' dir='ltr'>medium</span> <span class='ocrx_word' id='word_1_24' title='bbox 926 749 1112 818; x_wconf 90' lang='lat' dir='ltr'>saeculum</span> <span class='ocrx_word' id='word_1_25' title='bbox 1139 747 1208 815; x_wconf 88' lang='lat' dir='ltr'>de·</span> 
     </span>
     <span class='ocr_line' id='line_1_5' title="bbox 102 871 1209 963; baseline -0.002 -23"><span class='ocrx_word' id='word_1_26' title='bbox 102 871 231 942; x_wconf 87' lang='lat' dir='ltr'>cimum</span> <span class='ocrx_word' id='word_1_27' title='bbox 267 873 429 962; x_wconf 86' lang='lat' dir='ltr'>quintum</span> <span class='ocrx_word' id='word_1_28' title='bbox 470 880 643 943; x_wconf 88' lang='lat' dir='ltr'>exaratus</span> <span class='ocrx_word' id='word_1_29' title='bbox 677 896 787 944; x_wconf 91' lang='lat' dir='ltr'>manu</span> <span class='ocrx_word' id='word_1_30' title='bbox 823 873 976 963; x_wconf 78' lang='lat' dir='ltr'>Georgii</span> <span class='ocrx_word' id='word_1_31' title='bbox 1011 871 1209 962; x_wconf 82' lang='lat' dir='ltr'>cuiusdam,</span> 
     </span>
     <span class='ocr_line' id='line_1_6' title="bbox 101 996 1210 1087; baseline -0.001 -22"><span class='ocrx_word' id='word_1_32' title='bbox 101 997 204 1066; x_wconf 89' lang='lat' dir='ltr'>cuius</span> <span class='ocrx_word' id='word_1_33' title='bbox 236 999 363 1087; x_wconf 89' lang='lat' dir='ltr'>plnres</span> <span class='ocrx_word' id='word_1_34' title='bbox 396 999 542 1067; x_wconf 91' lang='lat' dir='ltr'>codices</span> <span class='ocrx_word' id='word_1_35' title='bbox 570 999 652 1068; x_wconf 90' lang='lat' dir='ltr'>msti</span> <span class='ocrx_word' id='word_1_36' title='bbox 678 1000 714 1067; x_wconf 94' lang='lat' dir='ltr'>in</span> <span class='ocrx_word' id='word_1_37' title='bbox 742 999 807 1069; x_wconf 93' lang='lat' dir='ltr'>illa</span> <span class='ocrx_word' id='word_1_38' title='bbox 835 996 1068 1068; x_wconf 86' lang='lat' dir='ltr'>Bibliotheca</span> <span class='ocrx_word' id='word_1_39' title='bbox 1095 1015 1210 1084; x_wconf 88' lang='lat' dir='ltr'>repe-</span> 
     </span>
     <span class='ocr_line' id='line_1_7' title="bbox 99 1120 1212 1215; baseline -0.001 -26"><span class='ocrx_word' id='word_1_40' title='bbox 99 1120 262 1215; x_wconf 70' lang='lat' dir='ltr'>fiuntur,</span> <span class='ocrx_word' id='word_1_41' title='bbox 298 1121 392 1192; x_wconf 88' lang='lat' dir='ltr'>haec</span> <span class='ocrx_word' id='word_1_42' title='bbox 429 1124 512 1213; x_wconf 85' lang='lat' dir='ltr'>ipsa</span> <span class='ocrx_word' id='word_1_43' title='bbox 547 1144 641 1212; x_wconf 85' lang='lat' dir='ltr'>quae</span> <span class='ocrx_word' id='word_1_44' title='bbox 679 1125 714 1192; x_wconf 92' lang='lat' dir='ltr'>in</span> <span class='ocrx_word' id='word_1_45' title='bbox 752 1123 879 1193; x_wconf 88' lang='lat' dir='ltr'>codice</span> <span class='ocrx_word' id='word_1_46' title='bbox 913 1123 1056 1192; x_wconf 88' lang='lat' dir='ltr'>Veneto</span> <span class='ocrx_word' id='word_1_47' title='bbox 1088 1120 1212 1189; x_wconf 90' lang='lat' dir='ltr'>insunt</span> 
     </span>
     <span class='ocr_line' id='line_1_8' title="bbox 100 1245 1213 1340; baseline -0.001 -26"><span class='ocrx_word' id='word_1_48' title='bbox 100 1247 240 1336; x_wconf 87' lang='lat' dir='ltr'>scripta</span> <span class='ocrx_word' id='word_1_49' title='bbox 266 1249 441 1338; x_wconf 86' lang='lat' dir='ltr'>(excepto</span> <span class='ocrx_word' id='word_1_50' title='bbox 465 1248 639 1340; x_wconf 80' lang='lat' dir='ltr'>Gregorii</span> <span class='ocrx_word' id='word_1_51' title='bbox 660 1248 934 1338; x_wconf 88' lang='lat' dir='ltr'>Antirrhetico)</span> <span class='ocrx_word' id='word_1_52' title='bbox 958 1245 1213 1335; x_wconf 81' lang='lat' dir='ltr'>complectitur</span> 
     </span>
     <span class='ocr_line' id='line_1_9' title="bbox 100 1371 1212 1443; baseline 0 -5"><span class='ocrx_word' id='word_1_53' title='bbox 100 1371 230 1440; x_wconf 92' lang='lat' dir='ltr'>eodem</span> <span class='ocrx_word' id='word_1_54' title='bbox 256 1373 402 1443; x_wconf 87' lang='lat' dir='ltr'>ordine:</span> <span class='ocrx_word' id='word_1_55' title='bbox 433 1376 480 1441; x_wconf 88' lang='lat'>1⁰.</span> <span class='ocrx_word' id='word_1_56' title='bbox 508 1372 699 1442; x_wconf 86' lang='lat' dir='ltr'>Eusebii</span> <span class='ocrx_word' id='word_1_57' title='bbox 727 1373 822 1441; x_wconf 87' lang='lat' dir='ltr'>Adv.</span> <span class='ocrx_word' id='word_1_58' title='bbox 850 1371 1067 1441; x_wconf 90' lang='lat' dir='ltr'>Marcellum</span> <span class='ocrx_word' id='word_1_59' title='bbox 1093 1371 1212 1440; x_wconf 82' lang='lat' dir='ltr'>libros</span> 
     </span>
     <span class='ocr_line' id='line_1_10' title="bbox 97 1492 1211 1584; baseline -0.002 -22"><span class='ocrx_word' id='word_1_60' title='bbox 97 1492 134 1562; x_wconf 91' lang='grc'>11</span> <span class='ocrx_word' id='word_1_61' title='bbox 163 1495 227 1563; x_wconf 87' lang='lat' dir='ltr'>fol.</span> <span class='ocrx_word' id='word_1_62' title='bbox 252 1497 297 1564; x_wconf 86' lang='lat'>1:</span> <span class='ocrx_word' id='word_1_63' title='bbox 333 1497 494 1580; x_wconf 77' lang='grc' dir='ltr'><strong><em>Εόσεβίου</em></strong></span> <span class='ocrx_word' id='word_1_64' title='bbox 524 1500 584 1564; x_wconf 74' lang='lat' dir='ltr'>uod</span> <span class='ocrx_word' id='word_1_65' title='bbox 611 1501 783 1584; x_wconf 77' lang='grc' dir='ltr'><strong><em>παμφίλου</em></strong></span> <span class='ocrx_word' id='word_1_66' title='bbox 810 1501 876 1562; x_wconf 82' lang='grc' dir='ltr'>τόν</span> <span class='ocrx_word' id='word_1_67' title='bbox 906 1497 990 1562; x_wconf 83' lang='grc' dir='ltr'><strong><em>κατά</em></strong></span> <span class='ocrx_word' id='word_1_68' title='bbox 1018 1496 1211 1579; x_wconf 80' lang='grc' dir='ltr'><strong><em>μαρκὲλλου,</em></strong></span> 
     </span>
     <span class='ocr_line' id='line_1_11' title="bbox 98 1616 1211 1704; baseline 0.001 -20"><span class='ocrx_word' id='word_1_69' title='bbox 98 1621 159 1684; x_wconf 74' lang='grc' dir='ltr'>τοῦ</span> <span class='ocrx_word' id='word_1_70' title='bbox 187 1617 329 1704; x_wconf 85' lang='grc' dir='ltr'><strong><em>άγκόρας</em></strong></span> <span class='ocrx_word' id='word_1_71' title='bbox 359 1618 559 1703; x_wconf 76' lang='grc' dir='ltr'><strong><em>ἐπισκόπου,</em></strong></span> <span class='ocrx_word' id='word_1_72' title='bbox 589 1620 682 1702; x_wconf 88' lang='grc' dir='ltr'><strong><em>λόγος</em></strong></span> <span class='ocrx_word' id='word_1_73' title='bbox 704 1620 745 1684; x_wconf 82' lang='grc' dir='ltr'>α’.</span> <span class='ocrx_word' id='word_1_74' title='bbox 797 1619 845 1687; x_wconf 80' lang='lat'>2⁰.</span> <span class='ocrx_word' id='word_1_75' title='bbox 872 1616 1089 1686; x_wconf 79' lang='lat' dir='ltr'>Eiusdem</span> <span class='ocrx_word' id='word_1_76' title='bbox 1114 1616 1211 1685; x_wconf 89' lang='lat' dir='ltr'>Adv.</span> 
     </span>
     <span class='ocr_line' id='line_1_12' title="bbox 98 1737 1218 1831; baseline -0.001 -23"><span class='ocrx_word' id='word_1_77' title='bbox 98 1737 317 1808; x_wconf 90' lang='lat' dir='ltr'>Marcellum</span> <span class='ocrx_word' id='word_1_78' title='bbox 348 1741 394 1808; x_wconf 91' lang='lat' dir='ltr'>de</span> <span class='ocrx_word' id='word_1_79' title='bbox 424 1739 614 1828; x_wconf 82' lang='lat' dir='ltr'>theologia</span> <span class='ocrx_word' id='word_1_80' title='bbox 642 1742 893 1811; x_wconf 88' lang='lat' dir='ltr'>ecclesiastica</span> <span class='ocrx_word' id='word_1_81' title='bbox 922 1741 1039 1810; x_wconf 86' lang='lat' dir='ltr'>libros</span> <span class='ocrx_word' id='word_1_82' title='bbox 1061 1737 1128 1831; x_wconf 87' lang='lat'>111,</span> <span class='ocrx_word' id='word_1_83' title='bbox 1150 1739 1218 1808; x_wconf 90' lang='lat' dir='ltr'>in-·</span> 
     </span>
     <span class='ocr_line' id='line_1_13' title="bbox 101 1862 1211 1956; baseline -0.001 -25"><span class='ocrx_word' id='word_1_84' title='bbox 101 1863 260 1953; x_wconf 73' lang='lat' dir='ltr'>scriptos</span> <span class='ocrx_word' id='word_1_85' title='bbox 284 1863 458 1955; x_wconf 79' lang='lat' dir='ltr'>Flacillo,</span> <span class='ocrx_word' id='word_1_86' title='bbox 484 1862 641 1934; x_wconf 84' lang='lat' dir='ltr'>s01.38:</span> <span class='ocrx_word' id='word_1_87' title='bbox 674 1873 729 1954; x_wconf 76' lang='grc' dir='ltr'>Τρῖ</span> <span class='ocrx_word' id='word_1_88' title='bbox 757 1868 940 1956; x_wconf 74' lang='grc' dir='ltr'><strong><em>τιμιωτάτῳ</em></strong></span> <span class='ocrx_word' id='word_1_89' title='bbox 969 1875 1025 1932; x_wconf 76' lang='grc' dir='ltr'>καί</span> <span class='ocrx_word' id='word_1_90' title='bbox 1053 1864 1211 1952; x_wconf 74' lang='grc' dir='ltr'><strong><em>α’γαπρτρῖ</em></strong></span> 
     </span>
    </p>
   </div>
   <div class='ocr_carea' id='block_1_3' title="bbox 96 1983 1210 2338">
    <p class='ocr_par' dir='ltr' id='par_1_3' title="bbox 96 1983 1210 2338">
     <span class='ocr_line' id='line_1_14' title="bbox 99 1983 1210 2078; baseline -0.001 -22"><span class='ocrx_word' id='word_1_91' title='bbox 99 1991 329 2078; x_wconf 72' lang='grc' dir='ltr'><strong><em>συλλειτουργρό</em></strong></span> <span class='ocrx_word' id='word_1_92' title='bbox 352 1991 515 2078; x_wconf 80' lang='grc' dir='ltr'><strong><em>φλακίλλῳ</em></strong></span> <span class='ocrx_word' id='word_1_93' title='bbox 532 1988 674 2072; x_wconf 80' lang='grc' dir='ltr'><strong><em>εάσίβιος</em></strong></span> <span class='ocrx_word' id='word_1_94' title='bbox 692 1991 728 2055; x_wconf 76' lang='grc' dir='ltr'>όν</span> <span class='ocrx_word' id='word_1_95' title='bbox 742 1996 838 2077; x_wconf 82' lang='grc' dir='ltr'><strong><em>κυρίῳ</em></strong></span> <span class='ocrx_word' id='word_1_96' title='bbox 851 1995 984 2075; x_wconf 80' lang='grc' dir='ltr'><strong><em>χαίρειν.</em></strong></span> <span class='ocrx_word' id='word_1_97' title='bbox 1029 1984 1077 2054; x_wconf 83' lang='lat'>3⁰.</span> <span class='ocrx_word' id='word_1_98' title='bbox 1101 1983 1210 2055; x_wconf 83' lang='lat' dir='ltr'>Ori·</span> 
     </span>
     <span class='ocr_line' id='line_1_15' title="bbox 99 2109 1209 2200; baseline -0.002 -20"><span class='ocrx_word' id='word_1_99' title='bbox 99 2111 235 2200; x_wconf 86' lang='lat' dir='ltr'>genis</span> <span class='ocrx_word' id='word_1_100' title='bbox 265 2110 459 2200; x_wconf 84' lang='lat' dir='ltr'>Dialogum</span> <span class='ocrx_word' id='word_1_101' title='bbox 485 2117 614 2180; x_wconf 89' lang='lat' dir='ltr'>contra</span> <span class='ocrx_word' id='word_1_102' title='bbox 641 2109 881 2180; x_wconf 87' lang='lat' dir='ltr'>Marcionitas</span> <span class='ocrx_word' id='word_1_103' title='bbox 907 2111 971 2180; x_wconf 85' lang='lat' dir='ltr'>fol.</span> <span class='ocrx_word' id='word_1_104' title='bbox 997 2113 1092 2180; x_wconf 79' lang='lat'><strong>122:</strong></span> <span class='ocrx_word' id='word_1_105' title='bbox 1123 2112 1209 2199; x_wconf 80' lang='grc' dir='ltr'><strong><em>Ὠρι-</em></strong></span> 
     </span>
     <span class='ocr_line' id='line_1_16' title="bbox 96 2235 1209 2338; baseline -0.004 -32"><span class='ocrx_word' id='word_1_106' title='bbox 96 2241 209 2321; x_wconf 83' lang='grc' dir='ltr'><strong><em>γίυους</em></strong></span> <span class='ocrx_word' id='word_1_107' title='bbox 236 2238 386 2321; x_wconf 74' lang='grc' dir='ltr'><strong><em>διάλογος</em></strong></span> <span class='ocrx_word' id='word_1_108' title='bbox 414 2240 498 2304; x_wconf 81' lang='grc' dir='ltr'><strong><em>κατά</em></strong></span> <span class='ocrx_word' id='word_1_109' title='bbox 519 2244 762 2324; x_wconf 82' lang='grc' dir='ltr'><strong><em>μαρκιανιστιόυ</em></strong></span> <span class='ocrx_word' id='word_1_110' title='bbox 788 2237 887 2326; x_wconf 84' lang='lat' dir='ltr'>[sic].</span> <span class='ocrx_word' id='word_1_111' title='bbox 938 2235 1087 2338; x_wconf 72' lang='lat' dir='ltr'>Incipit:</span> <span class='ocrx_word' id='word_1_112' title='bbox 1125 2235 1209 2303; x_wconf 75' lang='grc' dir='ltr'><strong><em>Διά·</em></strong></span> 
     </span>
    </p>
   </div>
   <div class='ocr_carea' id='block_1_4' title="bbox 90 2358 1217 4182">
    <p class='ocr_par' dir='ltr' id='par_1_4' title="bbox 90 2358 1217 4182">
     <span class='ocr_line' id='line_1_17' title="bbox 95 2358 1208 2450; baseline 0.002 -22"><span class='ocrx_word' id='word_1_113' title='bbox 95 2363 206 2440; x_wconf 84' lang='grc' dir='ltr'><strong><em>λεκτος</em></strong></span> <span class='ocrx_word' id='word_1_114' title='bbox 237 2361 443 2446; x_wconf 76' lang='grc' dir='ltr'><strong><em>α’όαγιαυτίου</em></strong></span> <span class='ocrx_word' id='word_1_115' title='bbox 472 2368 530 2429; x_wconf 80' lang='grc' dir='ltr'>τοῦ</span> <span class='ocrx_word' id='word_1_116' title='bbox 559 2371 616 2429; x_wconf 75' lang='grc' dir='ltr'>καί</span> <span class='ocrx_word' id='word_1_117' title='bbox 645 2362 815 2448; x_wconf 79' lang='grc' dir='ltr'><strong><em>ω’ριγένους</em></strong></span> <span class='ocrx_word' id='word_1_118' title='bbox 835 2372 907 2450; x_wconf 77' lang='grc' dir='ltr'><strong><em>περί</em></strong></span> <span class='ocrx_word' id='word_1_119' title='bbox 926 2365 992 2430; x_wconf 89' lang='grc' dir='ltr'><strong><em>κτλ.</em></strong></span> <span class='ocrx_word' id='word_1_120' title='bbox 1044 2358 1093 2429; x_wconf 69' lang='lat'>14⁰.</span> <span class='ocrx_word' id='word_1_121' title='bbox 1116 2358 1208 2430; x_wconf 82' lang='lat' dir='ltr'>Za·</span> 
     </span>
     <span class='ocr_line' id='line_1_18' title="bbox 97 2481 1207 2579; baseline 0.002 -27"><span class='ocrx_word' id='word_1_122' title='bbox 97 2481 312 2554; x_wconf 90' lang='lat' dir='ltr'>chariae</span> <span class='ocrx_word' id='word_1_123' title='bbox 345 2483 593 2579; x_wconf 88' lang='lat' dir='ltr'>Ammonium,</span> <span class='ocrx_word' id='word_1_124' title='bbox 630 2487 835 2574; x_wconf 87' lang='lat' dir='ltr'>praemisso</span> <span class='ocrx_word' id='word_1_125' title='bbox 872 2492 1106 2577; x_wconf 82' lang='lat' dir='ltr'>argumento,</span> <span class='ocrx_word' id='word_1_126' title='bbox 1142 2482 1207 2554; x_wconf 82' lang='lat' dir='ltr'>fol.</span> 
     </span>
     <span class='ocr_line' id='line_1_19' title="bbox 96 2609 1208 2699; baseline -0.003 -22"><span class='ocrx_word' id='word_1_127' title='bbox 96 2609 189 2677; x_wconf 84' lang='lat'><strong>183:</strong></span> <span class='ocrx_word' id='word_1_128' title='bbox 220 2616 398 2696; x_wconf 85' lang='grc' dir='ltr'><strong><em>Ζαχαρίου,</em></strong></span> <span class='ocrx_word' id='word_1_129' title='bbox 422 2617 634 2694; x_wconf 85' lang='grc' dir='ltr'><strong><em>σχολαστικοό</em></strong></span> <span class='ocrx_word' id='word_1_130' title='bbox 655 2617 843 2699; x_wconf 84' lang='grc' dir='ltr'><strong><em>χριστιανοῦ</em></strong></span> <span class='ocrx_word' id='word_1_131' title='bbox 864 2614 923 2677; x_wconf 79' lang='grc' dir='ltr'>τοῦ</span> <span class='ocrx_word' id='word_1_132' title='bbox 938 2616 1110 2693; x_wconf 74' lang='grc' dir='ltr'><strong><em>γινομένου</em></strong></span> <span class='ocrx_word' id='word_1_133' title='bbox 1123 2611 1208 2692; x_wconf 72' lang='grc' dir='ltr'>μετά</span> 
     </span>
     <span class='ocr_line' id='line_1_20' title="bbox 94 2725 1205 2819; baseline -0.003 -27"><span class='ocrx_word' id='word_1_134' title='bbox 94 2732 201 2794; x_wconf 77' lang='grc' dir='ltr'><strong><em>ταῦτα</em></strong></span> <span class='ocrx_word' id='word_1_135' title='bbox 227 2729 408 2796; x_wconf 74' lang='grc' dir='ltr'><strong><em>ἐπισκόπου</em></strong></span> <span class='ocrx_word' id='word_1_136' title='bbox 437 2729 630 2815; x_wconf 82' lang='grc' dir='ltr'><strong><em>μιτυλὴυης,</em></strong></span> <span class='ocrx_word' id='word_1_137' title='bbox 662 2727 680 2795; x_wconf 89' lang='grc' dir='ltr'><strong><em>ό</em></strong></span> <span class='ocrx_word' id='word_1_138' title='bbox 702 2728 852 2810; x_wconf 81' lang='grc' dir='ltr'><strong><em>διάλογος</em></strong></span> <span class='ocrx_word' id='word_1_139' title='bbox 874 2725 1042 2810; x_wconf 81' lang='grc' dir='ltr'><strong><em>άμμόυιος</em></strong></span> <span class='ocrx_word' id='word_1_140' title='bbox 1068 2726 1119 2793; x_wconf 87' lang='grc' dir='ltr'><strong><em>ότι</em></strong></span> <span class='ocrx_word' id='word_1_141' title='bbox 1136 2727 1205 2819; x_wconf 82' lang='grc' dir='ltr'><strong><em>κτλ.</em></strong></span> 
     </span>
     <span class='ocr_line' id='line_1_21' title="bbox 95 2827 1205 2936; baseline 0.001 -24"><span class='ocrx_word' id='word_1_142' title='bbox 95 2827 357 2922; x_wconf 62' lang='grc' dir='ltr'><strong><em>50.Αο,ιιοαο</em></strong></span> <span class='ocrx_word' id='word_1_143' title='bbox 387 2843 702 2936; x_wconf 79' lang='lat' dir='ltr'>Theophrastum,</span> <span class='ocrx_word' id='word_1_144' title='bbox 738 2844 941 2933; x_wconf 88' lang='lat' dir='ltr'>praemisso</span> <span class='ocrx_word' id='word_1_145' title='bbox 976 2831 1205 2935; x_wconf 79' lang='lat' dir='ltr'>argumento,</span> 
     </span>
     <span class='ocr_line' id='line_1_22' title="bbox 95 2967 1204 3060; baseline 0.001 -24"><span class='ocrx_word' id='word_1_146' title='bbox 95 2967 160 3038; x_wconf 81' lang='lat' dir='ltr'>fol.</span> <span class='ocrx_word' id='word_1_147' title='bbox 184 2969 276 3038; x_wconf 79' lang='lat'><strong>213:</strong></span> <span class='ocrx_word' id='word_1_148' title='bbox 304 2975 438 3039; x_wconf 75' lang='grc' dir='ltr'><strong><em>Αἰνείου</em></strong></span> <span class='ocrx_word' id='word_1_149' title='bbox 466 2973 625 3060; x_wconf 77' lang='grc' dir='ltr'><strong><em>σοφιστοῦ</em></strong></span> <span class='ocrx_word' id='word_1_150' title='bbox 650 2971 800 3055; x_wconf 76' lang='grc' dir='ltr'><strong><em>διάλογος</em></strong></span> <span class='ocrx_word' id='word_1_151' title='bbox 828 2970 1037 3058; x_wconf 71' lang='grc' dir='ltr'><strong><em>θεόφραστος</em></strong></span> <span class='ocrx_word' id='word_1_152' title='bbox 1066 2969 1117 3037; x_wconf 83' lang='grc' dir='ltr'><strong><em>ότι</em></strong></span> <span class='ocrx_word' id='word_1_153' title='bbox 1137 2969 1204 3036; x_wconf 89' lang='grc' dir='ltr'><strong><em>κτλ.</em></strong></span> 
     </span>
     <span class='ocr_line' id='line_1_23' title="bbox 95 3090 1203 3184; baseline -0.002 -23"><span class='ocrx_word' id='word_1_154' title='bbox 95 3090 143 3162; x_wconf 80' lang='lat'>6⁰.</span> <span class='ocrx_word' id='word_1_155' title='bbox 169 3092 428 3183; x_wconf 81' lang='lat' dir='ltr'>Theophili</span> <span class='ocrx_word' id='word_1_156' title='bbox 460 3092 518 3162; x_wconf 91' lang='lat' dir='ltr'>Ad</span> <span class='ocrx_word' id='word_1_157' title='bbox 544 3092 768 3184; x_wconf 89' lang='lat' dir='ltr'>Autolycum</span> <span class='ocrx_word' id='word_1_158' title='bbox 784 3094 908 3164; x_wconf 81' lang='lat' dir='ltr'>libros</span> <span class='ocrx_word' id='word_1_159' title='bbox 935 3098 1013 3161; x_wconf 89' lang='lat' dir='ltr'>tres</span> <span class='ocrx_word' id='word_1_160' title='bbox 1039 3090 1102 3159; x_wconf 87' lang='lat' dir='ltr'>fol.</span> <span class='ocrx_word' id='word_1_161' title='bbox 1128 3091 1203 3159; x_wconf 62' lang='lat'>2143</span> 
     </span>
     <span class='ocr_line' id='line_1_24' title="bbox 93 3191 1204 3307; baseline -0.005 -19"><span class='ocrx_word' id='word_1_162' title='bbox 93 3191 245 3292; x_wconf 59' lang='lat'><strong>—2362</strong></span> <span class='ocrx_word' id='word_1_163' title='bbox 284 3223 499 3307; x_wconf 84' lang='grc' dir='ltr'><strong><em>Θεοφίλου</em></strong></span> <span class='ocrx_word' id='word_1_164' title='bbox 528 3223 632 3305; x_wconf 89' lang='grc' dir='ltr'><strong><em>πρός</em></strong></span> <span class='ocrx_word' id='word_1_165' title='bbox 663 3221 906 3288; x_wconf 85' lang='grc' dir='ltr'><strong><em>αότόλυκου.</em></strong></span> <span class='ocrx_word' id='word_1_166' title='bbox 958 3215 999 3284; x_wconf 89' lang='lat' dir='ltr'>In</span> <span class='ocrx_word' id='word_1_167' title='bbox 1022 3215 1095 3285; x_wconf 79' lang='lat' dir='ltr'>fine</span> <span class='ocrx_word' id='word_1_168' title='bbox 1117 3215 1204 3284; x_wconf 87' lang='lat' dir='ltr'>libri</span> 
     </span>
     <span class='ocr_line' id='line_1_25' title="bbox 93 3339 1204 3432; baseline -0.002 -19"><span class='ocrx_word' id='word_1_169' title='bbox 93 3344 245 3414; x_wconf 85' lang='lat' dir='ltr'>secundi</span> <span class='ocrx_word' id='word_1_170' title='bbox 267 3342 374 3412; x_wconf 90' lang='lat' dir='ltr'>huius</span> <span class='ocrx_word' id='word_1_171' title='bbox 405 3339 528 3431; x_wconf 91' lang='lat' dir='ltr'>operis</span> <span class='ocrx_word' id='word_1_172' title='bbox 554 3343 692 3432; x_wconf 83' lang='lat' dir='ltr'>legitur</span> <span class='ocrx_word' id='word_1_173' title='bbox 719 3348 757 3413; x_wconf 82' lang='grc' dir='ltr'>τὸ</span> <span class='ocrx_word' id='word_1_174' title='bbox 780 3345 947 3431; x_wconf 75' lang='grc' dir='ltr'><strong><em>δεύτεροι,</em></strong></span> <span class='ocrx_word' id='word_1_175' title='bbox 978 3341 1076 3410; x_wconf 91' lang='lat' dir='ltr'>tertii</span> <span class='ocrx_word' id='word_1_176' title='bbox 1100 3340 1204 3411; x_wconf 86' lang='lat' dir='ltr'>initio</span> 
     </span>
     <span class='ocr_line' id='line_1_26' title="bbox 93 3464 1203 3558; baseline -0.003 -20"><span class='ocrx_word' id='word_1_177' title='bbox 93 3472 130 3538; x_wconf 87' lang='grc' dir='ltr'>τό</span> <span class='ocrx_word' id='word_1_178' title='bbox 158 3476 290 3558; x_wconf 81' lang='grc' dir='ltr'><strong><em>τρίτον,</em></strong></span> <span class='ocrx_word' id='word_1_179' title='bbox 325 3468 363 3536; x_wconf 82' lang='grc'>111</span> <span class='ocrx_word' id='word_1_180' title='bbox 394 3469 518 3537; x_wconf 80' lang='lat' dir='ltr'>calce:</span> <span class='ocrx_word' id='word_1_181' title='bbox 560 3472 719 3558; x_wconf 80' lang='grc' dir='ltr'><strong><em>Θεοφίλου</em></strong></span> <span class='ocrx_word' id='word_1_182' title='bbox 757 3469 835 3555; x_wconf 84' lang='grc' dir='ltr'><strong><em>πρός</em></strong></span> <span class='ocrx_word' id='word_1_183' title='bbox 867 3464 1060 3534; x_wconf 85' lang='grc' dir='ltr'><strong><em>αότόλυκου.</em></strong></span> <span class='ocrx_word' id='word_1_184' title='bbox 1100 3469 1203 3546; x_wconf 79' lang='grc' dir='ltr'><strong><em>τέλος.</em></strong></span> 
     </span>
     <span class='ocr_line' id='line_1_27' title="bbox 95 3589 1203 3679; baseline -0.003 -17"><span class='ocrx_word' id='word_1_185' title='bbox 95 3594 192 3663; x_wconf 88' lang='lat' dir='ltr'>Sane</span> <span class='ocrx_word' id='word_1_186' title='bbox 214 3593 274 3662; x_wconf 87' lang='lat' dir='ltr'>hic</span> <span class='ocrx_word' id='word_1_187' title='bbox 296 3594 413 3662; x_wconf 87' lang='lat' dir='ltr'>codex</span> <span class='ocrx_word' id='word_1_188' title='bbox 434 3593 544 3662; x_wconf 88' lang='lat' dir='ltr'>valde</span> <span class='ocrx_word' id='word_1_189' title='bbox 569 3592 749 3661; x_wconf 87' lang='lat' dir='ltr'>consentit</span> <span class='ocrx_word' id='word_1_190' title='bbox 768 3610 848 3659; x_wconf 87' lang='lat' dir='ltr'>cum</span> <span class='ocrx_word' id='word_1_191' title='bbox 871 3589 1036 3658; x_wconf 89' lang='lat' dir='ltr'>Veneto:</span> <span class='ocrx_word' id='word_1_192' title='bbox 1063 3611 1108 3660; x_wconf 86' lang='lat' dir='ltr'>ex</span> <span class='ocrx_word' id='word_1_193' title='bbox 1131 3609 1203 3679; x_wconf 91' lang='lat' dir='ltr'>quo</span> 
     </span>
     <span class='ocr_line' id='line_1_28' title="bbox 93 3715 1205 3817; baseline -0.003 -30"><span class='ocrx_word' id='word_1_194' title='bbox 93 3718 300 3817; x_wconf 89' lang='lat' dir='ltr'>descriptus</span> <span class='ocrx_word' id='word_1_195' title='bbox 326 3718 448 3786; x_wconf 87' lang='lat' dir='ltr'>videri</span> <span class='ocrx_word' id='word_1_196' title='bbox 475 3718 611 3809; x_wconf 86' lang='lat' dir='ltr'>possit,</span> <span class='ocrx_word' id='word_1_197' title='bbox 644 3717 696 3786; x_wconf 89' lang='lat' dir='ltr'>ita</span> <span class='ocrx_word' id='word_1_198' title='bbox 726 3722 862 3807; x_wconf 88' lang='lat' dir='ltr'>tamen,</span> <span class='ocrx_word' id='word_1_199' title='bbox 895 3720 935 3782; x_wconf 91' lang='lat' dir='ltr'>ut</span> <span class='ocrx_word' id='word_1_200' title='bbox 963 3715 1085 3785; x_wconf 89' lang='lat' dir='ltr'>scriba</span> <span class='ocrx_word' id='word_1_201' title='bbox 1110 3715 1205 3784; x_wconf 88' lang='lat' dir='ltr'>istas</span> 
     </span>
     <span class='ocr_line' id='line_1_29' title="bbox 92 3841 1203 3930; baseline -0.003 -18"><span class='ocrx_word' id='word_1_202' title='bbox 92 3843 317 3912; x_wconf 88' lang='lat' dir='ltr'>correctoris</span> <span class='ocrx_word' id='word_1_203' title='bbox 340 3842 559 3912; x_wconf 89' lang='lat' dir='ltr'>mutationes</span> <span class='ocrx_word' id='word_1_204' title='bbox 581 3841 768 3930; x_wconf 89' lang='lat' dir='ltr'>reciperet</span> <span class='ocrx_word' id='word_1_205' title='bbox 789 3841 868 3911; x_wconf 86' lang='lat' dir='ltr'>fere</span> <span class='ocrx_word' id='word_1_206' title='bbox 895 3860 1020 3912; x_wconf 91' lang='lat' dir='ltr'>omnes</span> <span class='ocrx_word' id='word_1_207' title='bbox 1044 3841 1203 3930; x_wconf 89' lang='lat' dir='ltr'>passim·</span> 
     </span>
     <span class='ocr_line' id='line_1_30' title="bbox 93 3962 1201 4056; baseline -0.005 -20"><span class='ocrx_word' id='word_1_208' title='bbox 93 3989 165 4056; x_wconf 88' lang='lat' dir='ltr'>que</span> <span class='ocrx_word' id='word_1_209' title='bbox 190 3967 283 4037; x_wconf 88' lang='lat' dir='ltr'>alias</span> <span class='ocrx_word' id='word_1_210' title='bbox 310 3969 487 4038; x_wconf 88' lang='lat' dir='ltr'>lectiones</span> <span class='ocrx_word' id='word_1_211' title='bbox 512 3969 679 4040; x_wconf 89' lang='lat' dir='ltr'>consulto</span> <span class='ocrx_word' id='word_1_212' title='bbox 704 3971 767 4035; x_wconf 90' lang='lat' dir='ltr'>aut</span> <span class='ocrx_word' id='word_1_213' title='bbox 787 3965 1040 4054; x_wconf 89' lang='lat' dir='ltr'>imprudenter</span> <span class='ocrx_word' id='word_1_214' title='bbox 1064 3962 1201 4034; x_wconf 88' lang='lat' dir='ltr'>admit-</span> 
     </span>
     <span class='ocr_line' id='line_1_31' title="bbox 90 4087 1217 4182; baseline -0.004 -21"><span class='ocrx_word' id='word_1_215' title='bbox 90 4099 200 4163; x_wconf 87' lang='lat' dir='ltr'>teret.</span> <span class='ocrx_word' id='word_1_216' title='bbox 253 4093 407 4181; x_wconf 91' lang='lat' dir='ltr'>Aliquot</span> <span class='ocrx_word' id='word_1_217' title='bbox 438 4093 516 4161; x_wconf 91' lang='lat' dir='ltr'>eius</span> <span class='ocrx_word' id='word_1_218' title='bbox 550 4092 756 4182; x_wconf 90' lang='lat' dir='ltr'>scripturae</span> <span class='ocrx_word' id='word_1_219' title='bbox 781 4091 818 4159; x_wconf 89' lang='lat' dir='ltr'>in</span> <span class='ocrx_word' id='word_1_220' title='bbox 846 4091 1006 4160; x_wconf 90' lang='lat' dir='ltr'>editione</span> <span class='ocrx_word' id='word_1_221' title='bbox 1033 4087 1217 4167; x_wconf 79' lang='lat' dir='ltr'>Felliana</span> 
     </span>
    </p>
   </div>
   <div class='ocr_carea' id='block_1_5' title="bbox 90 4211 1201 4408">
    <p class='ocr_par' dir='ltr' id='par_1_5' title="bbox 90 4211 1201 4408">
     <span class='ocr_line' id='line_1_32' title="bbox 90 4211 1201 4308; baseline -0.004 -22"><span class='ocrx_word' id='word_1_222' title='bbox 90 4237 123 4286; x_wconf 88' lang='lat' dir='ltr'>a.</span> <span class='ocrx_word' id='word_1_223' title='bbox 145 4217 245 4287; x_wconf 72' lang='grc'>1681</span> <span class='ocrx_word' id='word_1_224' title='bbox 267 4223 602 4308; x_wconf 88' lang='lat' dir='ltr'>repraesentantur.</span> <span class='ocrx_word' id='word_1_225' title='bbox 648 4215 725 4288; x_wconf 86' lang='lat' dir='ltr'>Sed</span> <span class='ocrx_word' id='word_1_226' title='bbox 746 4223 917 4288; x_wconf 87' lang='lat' dir='ltr'>accurate</span> <span class='ocrx_word' id='word_1_227' title='bbox 938 4234 1019 4285; x_wconf 89' lang='lat' dir='ltr'>eum</span> <span class='ocrx_word' id='word_1_228' title='bbox 1035 4211 1201 4282; x_wconf 66' lang='lat' dir='ltr'>&#39;Theo-</span> 
     </span>
     <span class='ocr_line' id='line_1_33' title="bbox 918 4338 972 4408; baseline 0 -26"><span class='ocrx_word' id='word_1_229' title='bbox 918 4342 940 4408; x_wconf 56' lang='grc' dir='ltr'>ρ)</span> <span class='ocrx_word' id='word_1_230' title='bbox 951 4338 972 4382; x_wconf 72' lang='lat' dir='ltr'>ll</span> 
     </span>
    </p>
   </div>
   <div class='ocr_carea' id='block_1_6' title="bbox 0 0 1422 4852">
    <p class='ocr_par' dir='ltr' id='par_1_6' title="bbox 0 0 1422 4852">
     <span class='ocr_line' id='line_1_34' title="bbox 0 0 1422 4852; baseline 0 4"><span class='ocrx_word' id='word_1_231' title='bbox 0 0 1422 4852; x_wconf 95' lang='lat' dir='ltr'> </span> 
     </span>
    </p>
   </div>
  </div>
 </body>
</html>
