<?xml version="1.0" encoding="UTF-8"?>
<!DOCTYPE html PUBLIC "-//W3C//DTD XHTML 1.0 Transitional//EN"
    "http://www.w3.org/TR/xhtml1/DTD/xhtml1-transitional.dtd">
<html xmlns="http://www.w3.org/1999/xhtml" xml:lang="en" lang="en">
 <head>
  <title>
</title>
<meta http-equiv="Content-Type" content="text/html;charset=utf-8" />
  <meta name='ocr-system' content='tesseract 3.04.00' />
  <meta name='ocr-capabilities' content='ocr_page ocr_carea ocr_par ocr_line ocrx_word'/>
</head>
<body>
  <div class='ocr_page' id='page_1' title='image "./corpusapologeta00unkngoog_0426.png"; bbox 0 0 2836 4852; ppageno 0'>
   <div class='ocr_carea' id='block_1_1' title="bbox 283 258 1260 326">
    <p class='ocr_par' dir='ltr' id='par_1_1' title="bbox 283 258 1260 326">
     <span class='ocr_line' id='line_1_1' title="bbox 283 258 1260 326; baseline 0.001 -1"><span class='ocrx_word' id='word_1_1' title='bbox 283 260 662 326; x_wconf 69' lang='lat' dir='ltr'><strong>commmodumonom</strong></span> <span class='ocrx_word' id='word_1_2' title='bbox 683 261 726 322; x_wconf 86' lang='lat' dir='ltr'><strong>IN</strong></span> <span class='ocrx_word' id='word_1_3' title='bbox 747 258 988 324; x_wconf 71' lang='lat' dir='ltr'><strong>svsoosma</strong></span> <span class='ocrx_word' id='word_1_4' title='bbox 1010 260 1087 324; x_wconf 84' lang='lat' dir='ltr'><strong>LlB.</strong></span> <span class='ocrx_word' id='word_1_5' title='bbox 1108 263 1132 323; x_wconf 89' lang='lat'><strong>1.</strong></span> <span class='ocrx_word' id='word_1_6' title='bbox 1200 259 1260 326; x_wconf 83' lang='grc'><strong>361</strong></span> 
     </span>
    </p>
   </div>
   <div class='ocr_carea' id='block_1_2' title="bbox 152 430 1334 3227">
    <p class='ocr_par' dir='ltr' id='par_1_2' title="bbox 152 430 1266 712">
     <span class='ocr_line' id='line_1_2' title="bbox 152 430 1264 514; baseline -0.001 -18"><span class='ocrx_word' id='word_1_7' title='bbox 152 437 275 514; x_wconf 87' lang='lat' dir='ltr'><strong>patrem</strong></span> <span class='ocrx_word' id='word_1_8' title='bbox 296 430 462 512; x_wconf 79' lang='lat' dir='ltr'><strong>significat,</strong></span> <span class='ocrx_word' id='word_1_9' title='bbox 484 449 543 510; x_wconf 88' lang='lat' dir='ltr'><strong>per</strong></span> <span class='ocrx_word' id='word_1_10' title='bbox 565 435 688 494; x_wconf 89' lang='lat' dir='ltr'><strong>domum</strong></span> <span class='ocrx_word' id='word_1_11' title='bbox 710 433 779 493; x_wconf 91' lang='lat' dir='ltr'><strong>eius</strong></span> <span class='ocrx_word' id='word_1_12' title='bbox 797 431 993 493; x_wconf 77' lang='lat' dir='ltr'>Hierusalem</span> <span class='ocrx_word' id='word_1_13' title='bbox 1014 433 1185 493; x_wconf 86' lang='lat' dir='ltr'><strong>coelestem</strong></span> <span class='ocrx_word' id='word_1_14' title='bbox 1202 433 1264 495; x_wconf 71' lang='lat' dir='ltr'><strong>&#39;ds-</strong></span> 
     </span>
     <span class='ocr_line' id='line_1_3' title="bbox 153 542 1266 618; baseline 0 -16"><span class='ocrx_word' id='word_1_15' title='bbox 153 543 261 604; x_wconf 84' lang='lat' dir='ltr'><strong>bemus</strong></span> <span class='ocrx_word' id='word_1_16' title='bbox 290 542 471 618; x_wconf 84' lang='lat' dir='ltr'><strong>intelligere</strong></span> <span class='ocrx_word' id='word_1_17' title='bbox 500 543 553 602; x_wconf 85' lang='lat' dir='ltr'><strong>ubi</strong></span> <span class='ocrx_word' id='word_1_18' title='bbox 584 560 651 603; x_wconf 90' lang='lat' dir='ltr'><strong>oum</strong></span> <span class='ocrx_word' id='word_1_19' title='bbox 672 543 792 603; x_wconf 87' lang='lat' dir='ltr'><strong>sanctis</strong></span> <span class='ocrx_word' id='word_1_20' title='bbox 819 545 870 601; x_wconf 87' lang='lat' dir='ltr'><strong>est</strong></span> <span class='ocrx_word' id='word_1_21' title='bbox 898 542 1073 603; x_wconf 86' lang='lat' dir='ltr'><strong>convivium</strong></span> <span class='ocrx_word' id='word_1_22' title='bbox 1094 543 1266 604; x_wconf 81' lang='lat' dir='ltr'><strong>habiturus</strong></span> 
     </span>
     <span class='ocr_line' id='line_1_4' title="bbox 153 651 605 712; baseline 0.004 -2"><span class='ocrx_word' id='word_1_23' title='bbox 153 651 300 711; x_wconf 78' lang='lat' dir='ltr'><strong>Christus</strong></span> <span class='ocrx_word' id='word_1_24' title='bbox 323 651 464 711; x_wconf 91' lang='lat' dir='ltr'><strong>dominus</strong></span> <span class='ocrx_word' id='word_1_25' title='bbox 485 653 605 712; x_wconf 85' lang='lat' dir='ltr'><strong>noster.</strong></span> 
     </span>
    </p>

    <p class='ocr_par' dir='ltr' id='par_1_3' title="bbox 153 754 1334 2364">
     <span class='ocr_line' id='line_1_5' title="bbox 161 754 1263 836; baseline 0.003 -17"><span class='ocrx_word' id='word_1_26' title='bbox 161 797 163 801; x_wconf 30' lang='grc' dir='ltr'><strong><em>ι</em></strong></span> <span class='ocrx_word' id='word_1_27' title='bbox 241 754 287 793; x_wconf 77' lang='lat'><strong>¹⁶²</strong></span> <span class='ocrx_word' id='word_1_28' title='bbox 301 759 460 820; x_wconf 74' lang='lat' dir='ltr'><strong><em>Invenietis</em></strong></span> <span class='ocrx_word' id='word_1_29' title='bbox 480 758 598 836; x_wconf 82' lang='lat' dir='ltr'><strong>pallum</strong></span> <span class='ocrx_word' id='word_1_30' title='bbox 620 762 733 820; x_wconf 82' lang='lat' dir='ltr'><strong>urinae.</strong></span> <span class='ocrx_word' id='word_1_31' title='bbox 777 760 840 819; x_wconf 88' lang='lat' dir='ltr'><strong>Per</strong></span> <span class='ocrx_word' id='word_1_32' title='bbox 867 759 986 819; x_wconf 81' lang='lat' dir='ltr'>asinam</span> <span class='ocrx_word' id='word_1_33' title='bbox 1010 760 1144 836; x_wconf 81' lang='lat' dir='ltr'><strong>figurate</strong></span> <span class='ocrx_word' id='word_1_34' title='bbox 1166 762 1263 822; x_wconf 84' lang='lat' dir='ltr'><strong>iutel-</strong></span> 
     </span>
     <span class='ocr_line' id='line_1_6' title="bbox 153 868 1266 948; baseline 0.002 -18"><span class='ocrx_word' id='word_1_35' title='bbox 153 870 281 947; x_wconf 88' lang='lat' dir='ltr'><strong>ligenda</strong></span> <span class='ocrx_word' id='word_1_36' title='bbox 305 871 354 928; x_wconf 85' lang='lat' dir='ltr'><strong>est</strong></span> <span class='ocrx_word' id='word_1_37' title='bbox 377 886 558 946; x_wconf 82' lang='lat' dir='ltr'><strong>synogoga,</strong></span> <span class='ocrx_word' id='word_1_38' title='bbox 588 886 647 946; x_wconf 87' lang='lat' dir='ltr'><strong>per</strong></span> <span class='ocrx_word' id='word_1_39' title='bbox 670 868 787 947; x_wconf 91' lang='lat' dir='ltr'><strong>pullum</strong></span> <span class='ocrx_word' id='word_1_40' title='bbox 811 869 918 928; x_wconf 89' lang='lat' dir='ltr'><strong>asinae</strong></span> <span class='ocrx_word' id='word_1_41' title='bbox 941 869 1093 928; x_wconf 89' lang='lat' dir='ltr'><strong>lascivum</strong></span> <span class='ocrx_word' id='word_1_42' title='bbox 1114 871 1266 948; x_wconf 80' lang='lat' dir='ltr'><strong>populum</strong></span> 
     </span>
     <span class='ocr_line' id='line_1_7' title="bbox 153 963 1334 1057; baseline 0 -19"><span class='ocrx_word' id='word_1_43' title='bbox 153 979 302 1057; x_wconf 74' lang='lat' dir='ltr'>gentilem</span> <span class='ocrx_word' id='word_1_44' title='bbox 325 979 567 1054; x_wconf 87' lang='lat' dir='ltr'><strong>indomitumque</strong></span> <span class='ocrx_word' id='word_1_45' title='bbox 587 979 751 1055; x_wconf 81' lang='lat' dir='ltr'><strong>significat,</strong></span> <span class='ocrx_word' id='word_1_46' title='bbox 774 979 813 1038; x_wconf 87' lang='lat' dir='ltr'><strong>ad</strong></span> <span class='ocrx_word' id='word_1_47' title='bbox 834 995 923 1052; x_wconf 87' lang='lat' dir='ltr'><strong>quem</strong></span> <span class='ocrx_word' id='word_1_48' title='bbox 944 979 1024 1037; x_wconf 92' lang='lat' dir='ltr'><strong>duos</strong></span> <span class='ocrx_word' id='word_1_49' title='bbox 1044 993 1084 1036; x_wconf 84' lang='lat' dir='ltr'><strong>ex</strong></span> <span class='ocrx_word' id='word_1_50' title='bbox 1101 963 1265 1056; x_wconf 82' lang='lat' dir='ltr'><strong>discipulis</strong></span> <span class='ocrx_word' id='word_1_51' title='bbox 1331 1033 1334 1038; x_wconf 74' lang='grc'>,</span> 
     </span>
     <span class='ocr_line' id='line_1_8' title="bbox 154 1086 1265 1165; baseline 0 -17"><span class='ocrx_word' id='word_1_52' title='bbox 154 1089 254 1148; x_wconf 83' lang='lat' dir='ltr'><strong>misit:</strong></span> <span class='ocrx_word' id='word_1_53' title='bbox 286 1086 411 1147; x_wconf 90' lang='lat' dir='ltr'><strong>Petrum</strong></span> <span class='ocrx_word' id='word_1_54' title='bbox 435 1088 770 1165; x_wconf 85' lang='lat' dir='ltr'><strong>incircumcisionem,</strong></span> <span class='ocrx_word' id='word_1_55' title='bbox 801 1087 932 1147; x_wconf 88' lang='lat' dir='ltr'><strong>Paulum</strong></span> <span class='ocrx_word' id='word_1_56' title='bbox 955 1087 985 1145; x_wconf 91' lang='lat' dir='ltr'><strong>in</strong></span> <span class='ocrx_word' id='word_1_57' title='bbox 1008 1090 1130 1164; x_wconf 86' lang='lat' dir='ltr'><strong>gentes.</strong></span> <span class='ocrx_word' id='word_1_58' title='bbox 1179 1087 1265 1148; x_wconf 77' lang='lat' dir='ltr'><strong>Tunc</strong></span> 
     </span>
     <span class='ocr_line' id='line_1_9' title="bbox 154 1195 1266 1276; baseline 0.001 -21"><span class='ocrx_word' id='word_1_59' title='bbox 154 1199 362 1276; x_wconf 82' lang='lat' dir='ltr'><strong>imposuerunt</strong></span> <span class='ocrx_word' id='word_1_60' title='bbox 383 1196 557 1255; x_wconf 71' lang='lat' dir='ltr'><strong>restituente</strong></span> <span class='ocrx_word' id='word_1_61' title='bbox 574 1215 666 1274; x_wconf 71' lang='lat' dir='ltr'><strong>nuper</strong></span> <span class='ocrx_word' id='word_1_62' title='bbox 686 1195 771 1256; x_wconf 79' lang='lat' dir='ltr'><strong>illurn</strong></span> <span class='ocrx_word' id='word_1_63' title='bbox 794 1204 823 1254; x_wconf 83' lang='lat' dir='ltr'><strong>et</strong></span> <span class='ocrx_word' id='word_1_64' title='bbox 848 1195 941 1255; x_wconf 82' lang='lat' dir='ltr'><strong>lesum</strong></span> <span class='ocrx_word' id='word_1_65' title='bbox 963 1195 1157 1274; x_wconf 80' lang='lat' dir='ltr'><strong>supersedere</strong></span> <span class='ocrx_word' id='word_1_66' title='bbox 1177 1199 1266 1276; x_wconf 70' lang='lat' dir='ltr'><strong>sees-</strong></span> 
     </span>
     <span class='ocr_line' id='line_1_10' title="bbox 155 1302 1269 1382; baseline -0.001 -17"><span class='ocrx_word' id='word_1_67' title='bbox 155 1314 236 1366; x_wconf 81' lang='lat' dir='ltr'><strong>rnni.</strong></span> <span class='ocrx_word' id='word_1_68' title='bbox 280 1305 404 1364; x_wconf 83' lang='lat' dir='ltr'><strong>idest:</strong></span> <span class='ocrx_word' id='word_1_69' title='bbox 435 1302 542 1364; x_wconf 87' lang='lat' dir='ltr'><strong>Vestis</strong></span> <span class='ocrx_word' id='word_1_70' title='bbox 571 1305 748 1381; x_wconf 89' lang='lat' dir='ltr'><strong>apostolica</strong></span> <span class='ocrx_word' id='word_1_71' title='bbox 778 1306 1003 1382; x_wconf 86' lang='lat' dir='ltr'><strong>seripturarum</strong></span> <span class='ocrx_word' id='word_1_72' title='bbox 1033 1307 1084 1363; x_wconf 86' lang='lat' dir='ltr'><strong>est</strong></span> <span class='ocrx_word' id='word_1_73' title='bbox 1106 1305 1269 1380; x_wconf 85' lang='lat' dir='ltr'><strong>expositio</strong></span> 
     </span>
     <span class='ocr_line' id='line_1_11' title="bbox 157 1410 1265 1489; baseline -0.001 -16"><span class='ocrx_word' id='word_1_74' title='bbox 157 1415 347 1489; x_wconf 87' lang='lat' dir='ltr'><strong>divinarum,</strong></span> <span class='ocrx_word' id='word_1_75' title='bbox 376 1416 409 1472; x_wconf 87' lang='lat' dir='ltr'><strong>et</strong></span> <span class='ocrx_word' id='word_1_76' title='bbox 434 1411 494 1473; x_wconf 87' lang='lat' dir='ltr'><strong>nisi</strong></span> <span class='ocrx_word' id='word_1_77' title='bbox 523 1412 656 1471; x_wconf 84' lang='lat' dir='ltr'><strong>coelesti</strong></span> <span class='ocrx_word' id='word_1_78' title='bbox 686 1410 828 1472; x_wconf 87' lang='lat' dir='ltr'><strong>doctrina</strong></span> <span class='ocrx_word' id='word_1_79' title='bbox 859 1415 1012 1473; x_wconf 86' lang='lat' dir='ltr'><strong>instructa</strong></span> <span class='ocrx_word' id='word_1_80' title='bbox 1036 1412 1132 1472; x_wconf 78' lang='lat' dir='ltr'><strong>fuerit</strong></span> <span class='ocrx_word' id='word_1_81' title='bbox 1154 1413 1265 1489; x_wconf 80' lang='lat' dir='ltr'><strong>animo,</strong></span> 
     </span>
     <span class='ocr_line' id='line_1_12' title="bbox 158 1519 1264 1583; baseline 0.002 -3"><span class='ocrx_word' id='word_1_82' title='bbox 158 1537 316 1581; x_wconf 80' lang='lat' dir='ltr'><strong>sessorem</strong></span> <span class='ocrx_word' id='word_1_83' title='bbox 347 1521 467 1580; x_wconf 80' lang='lat' dir='ltr'><strong>hebere</strong></span> <span class='ocrx_word' id='word_1_84' title='bbox 499 1522 589 1579; x_wconf 87' lang='lat' dir='ltr'><strong>doum</strong></span> <span class='ocrx_word' id='word_1_85' title='bbox 612 1537 673 1579; x_wconf 90' lang='lat' dir='ltr'><strong>uon</strong></span> <span class='ocrx_word' id='word_1_86' title='bbox 695 1526 843 1583; x_wconf 87' lang='lat' dir='ltr'><strong>meretur.</strong></span> <span class='ocrx_word' id='word_1_87' title='bbox 889 1522 948 1580; x_wconf 90' lang='lat' dir='ltr'><strong>Vel</strong></span> <span class='ocrx_word' id='word_1_88' title='bbox 971 1519 1179 1582; x_wconf 74' lang='lat' dir='ltr'><strong>Adduaerant</strong></span> <span class='ocrx_word' id='word_1_89' title='bbox 1199 1522 1264 1582; x_wconf 82' lang='lat' dir='ltr'><strong>usi·</strong></span> 
     </span>
     <span class='ocr_line' id='line_1_13' title="bbox 160 1628 1267 1708; baseline 0.002 -20"><span class='ocrx_word' id='word_1_90' title='bbox 160 1649 230 1689; x_wconf 86' lang='lat' dir='ltr'><strong>nom</strong></span> <span class='ocrx_word' id='word_1_91' title='bbox 251 1637 281 1690; x_wconf 85' lang='lat' dir='ltr'><strong>et</strong></span> <span class='ocrx_word' id='word_1_92' title='bbox 300 1628 419 1708; x_wconf 74' lang='lat' dir='ltr'><strong>prelium</strong></span> <span class='ocrx_word' id='word_1_93' title='bbox 439 1631 519 1690; x_wconf 79' lang='lat' dir='ltr'><strong>eins.-</strong></span> <span class='ocrx_word' id='word_1_94' title='bbox 548 1629 579 1688; x_wconf 89' lang='lat' dir='ltr'><strong>id</strong></span> <span class='ocrx_word' id='word_1_95' title='bbox 599 1631 651 1688; x_wconf 91' lang='lat' dir='ltr'><strong>est</strong></span> <span class='ocrx_word' id='word_1_96' title='bbox 670 1630 819 1705; x_wconf 80' lang='lat' dir='ltr'><strong>gentilem</strong></span> <span class='ocrx_word' id='word_1_97' title='bbox 841 1631 1007 1707; x_wconf 91' lang='lat' dir='ltr'><strong>populum,</strong></span> <span class='ocrx_word' id='word_1_98' title='bbox 1035 1631 1088 1705; x_wconf 91' lang='lat' dir='ltr'><strong>qui</strong></span> <span class='ocrx_word' id='word_1_99' title='bbox 1113 1633 1146 1689; x_wconf 82' lang='lat' dir='ltr'><strong>et</strong></span> <span class='ocrx_word' id='word_1_100' title='bbox 1168 1645 1267 1707; x_wconf 83' lang='lat' dir='ltr'><strong>prae·</strong></span> 
     </span>
     <span class='ocr_line' id='line_1_14' title="bbox 158 1737 1269 1815; baseline 0.001 -18"><span class='ocrx_word' id='word_1_101' title='bbox 158 1755 235 1813; x_wconf 87' lang='lat' dir='ltr'><strong>sepe</strong></span> <span class='ocrx_word' id='word_1_102' title='bbox 256 1739 372 1797; x_wconf 93' lang='lat' dir='ltr'><strong>domini</strong></span> <span class='ocrx_word' id='word_1_103' title='bbox 393 1738 441 1797; x_wconf 91' lang='lat' dir='ltr'><strong>sui</strong></span> <span class='ocrx_word' id='word_1_104' title='bbox 464 1739 632 1815; x_wconf 84' lang='lat' dir='ltr'><strong>ignoravit,</strong></span> <span class='ocrx_word' id='word_1_105' title='bbox 654 1738 716 1802; x_wconf 91' lang='lat' dir='ltr'><strong>hoc</strong></span> <span class='ocrx_word' id='word_1_106' title='bbox 739 1739 860 1798; x_wconf 85' lang='lat' dir='ltr'><strong>scilicet</strong></span> <span class='ocrx_word' id='word_1_107' title='bbox 882 1740 922 1798; x_wconf 88' lang='lat' dir='ltr'><strong>de</strong></span> <span class='ocrx_word' id='word_1_108' title='bbox 945 1755 1006 1814; x_wconf 89' lang='lat' dir='ltr'><strong>quo</strong></span> <span class='ocrx_word' id='word_1_109' title='bbox 1029 1737 1146 1799; x_wconf 84' lang='lat' dir='ltr'><strong>cibaria</strong></span> <span class='ocrx_word' id='word_1_110' title='bbox 1168 1740 1269 1798; x_wconf 77' lang='lat' dir='ltr'><strong>sumi-¹</strong></span> 
     </span>
     <span class='ocr_line' id='line_1_15' title="bbox 158 1844 1267 1925; baseline 0.002 -19"><span class='ocrx_word' id='word_1_111' title='bbox 158 1864 236 1907; x_wconf 88' lang='lat' dir='ltr'><strong>mus.</strong></span> <span class='ocrx_word' id='word_1_112' title='bbox 280 1847 396 1907; x_wconf 82' lang='lat' dir='ltr'><strong>Remos</strong></span> <span class='ocrx_word' id='word_1_113' title='bbox 422 1846 463 1906; x_wconf 85' lang='lat' dir='ltr'><strong>de</strong></span> <span class='ocrx_word' id='word_1_114' title='bbox 489 1844 645 1907; x_wconf 75' lang='lat' dir='ltr'><strong>arboribus</strong></span> <span class='ocrx_word' id='word_1_115' title='bbox 673 1846 902 1907; x_wconf 75' lang='lat' dir='ltr'><strong>abscindentes:</strong></span> <span class='ocrx_word' id='word_1_116' title='bbox 931 1851 1063 1925; x_wconf 80' lang='lat' dir='ltr'><strong>poeonia</strong></span> <span class='ocrx_word' id='word_1_117' title='bbox 1090 1850 1163 1907; x_wconf 84' lang='lat' dir='ltr'><strong>sunt</strong></span> <span class='ocrx_word' id='word_1_118' title='bbox 1186 1862 1267 1923; x_wconf 74' lang='lat' dir='ltr'><strong>quse</strong></span> 
     </span>
     <span class='ocr_line' id='line_1_16' title="bbox 158 1955 1268 2031; baseline 0.002 -17"><span class='ocrx_word' id='word_1_119' title='bbox 158 1957 188 2014; x_wconf 93' lang='lat' dir='ltr'><strong>in</strong></span> <span class='ocrx_word' id='word_1_120' title='bbox 209 1956 300 2015; x_wconf 85' lang='lat' dir='ltr'><strong>nobis</strong></span> <span class='ocrx_word' id='word_1_121' title='bbox 321 1956 475 2031; x_wconf 89' lang='lat' dir='ltr'><strong>virebant,</strong></span> <span class='ocrx_word' id='word_1_122' title='bbox 495 1955 628 2021; x_wconf 86' lang='lat' dir='ltr'><strong>arbores</strong></span> <span class='ocrx_word' id='word_1_123' title='bbox 650 1956 729 2014; x_wconf 93' lang='lat' dir='ltr'><strong>enim</strong></span> <span class='ocrx_word' id='word_1_124' title='bbox 751 1957 892 2016; x_wconf 81' lang='lat' dir='ltr'><strong>homines</strong></span> <span class='ocrx_word' id='word_1_125' title='bbox 915 1959 1004 2026; x_wconf 83' lang='lat' dir='ltr'><strong>snut3</strong></span> <span class='ocrx_word' id='word_1_126' title='bbox 1028 1957 1080 2016; x_wconf 87' lang='lat' dir='ltr'><strong>rel</strong></span> <span class='ocrx_word' id='word_1_127' title='bbox 1099 1973 1204 2017; x_wconf 88' lang='lat' dir='ltr'><strong>ramos</strong></span> <span class='ocrx_word' id='word_1_128' title='bbox 1226 1957 1268 2016; x_wconf 81' lang='lat' dir='ltr'><strong>da</strong></span> 
     </span>
     <span class='ocr_line' id='line_1_17' title="bbox 158 2065 1270 2142; baseline 0.002 -20"><span class='ocrx_word' id='word_1_129' title='bbox 158 2065 325 2124; x_wconf 81' lang='lat' dir='ltr'><strong>arboribus</strong></span> <span class='ocrx_word' id='word_1_130' title='bbox 345 2066 478 2125; x_wconf 83' lang='lat' dir='ltr'><strong>caedere</strong></span> <span class='ocrx_word' id='word_1_131' title='bbox 506 2066 539 2122; x_wconf 89' lang='lat' dir='ltr'><strong>et</strong></span> <span class='ocrx_word' id='word_1_132' title='bbox 561 2065 641 2123; x_wconf 87' lang='lat' dir='ltr'><strong>viam</strong></span> <span class='ocrx_word' id='word_1_133' title='bbox 668 2068 811 2125; x_wconf 88' lang='lat' dir='ltr'><strong>sternere</strong></span> <span class='ocrx_word' id='word_1_134' title='bbox 838 2068 888 2125; x_wconf 89' lang='lat' dir='ltr'><strong>est</strong></span> <span class='ocrx_word' id='word_1_135' title='bbox 909 2069 1040 2142; x_wconf 88' lang='lat' dir='ltr'><strong>peccata</strong></span> <span class='ocrx_word' id='word_1_136' title='bbox 1063 2082 1120 2125; x_wconf 90' lang='lat' dir='ltr'><strong>sua</strong></span> <span class='ocrx_word' id='word_1_137' title='bbox 1143 2065 1270 2135; x_wconf 76' lang='lat' dir='ltr'><strong>domino·</strong></span> 
     </span>
     <span class='ocr_line' id='line_1_18' title="bbox 159 2173 1268 2249; baseline 0.003 -18"><span class='ocrx_word' id='word_1_138' title='bbox 159 2173 319 2249; x_wconf 84' lang='lat' dir='ltr'><strong>confiteri,</strong></span> <span class='ocrx_word' id='word_1_139' title='bbox 342 2190 403 2248; x_wconf 85' lang='lat' dir='ltr'><strong>quo</strong></span> <span class='ocrx_word' id='word_1_140' title='bbox 423 2173 552 2233; x_wconf 81' lang='lat' dir='ltr'><strong>iaciiius</strong></span> <span class='ocrx_word' id='word_1_141' title='bbox 574 2174 605 2232; x_wconf 89' lang='lat' dir='ltr'><strong>io</strong></span> <span class='ocrx_word' id='word_1_142' title='bbox 627 2175 724 2234; x_wconf 92' lang='lat' dir='ltr'><strong>corde</strong></span> <span class='ocrx_word' id='word_1_143' title='bbox 751 2175 944 2235; x_wconf 86' lang='lat' dir='ltr'><strong>credentium</strong></span> <span class='ocrx_word' id='word_1_144' title='bbox 968 2174 1113 2235; x_wconf 83' lang='lat' dir='ltr'><strong>Christus</strong></span> <span class='ocrx_word' id='word_1_145' title='bbox 1136 2175 1268 2235; x_wconf 84' lang='lat' dir='ltr'><strong>daemo-</strong></span> 
     </span>
     <span class='ocr_line' id='line_1_19' title="bbox 159 2283 1299 2364; baseline -0.005 -24"><span class='ocrx_word' id='word_1_146' title='bbox 159 2298 230 2341; x_wconf 89' lang='lat' dir='ltr'><strong>num</strong></span> <span class='ocrx_word' id='word_1_147' title='bbox 253 2283 355 2341; x_wconf 91' lang='lat' dir='ltr'><strong>victor</strong></span> <span class='ocrx_word' id='word_1_148' title='bbox 378 2283 549 2340; x_wconf 87' lang='lat' dir='ltr'><strong>incederet.</strong></span> <span class='ocrx_word' id='word_1_149' title='bbox 1297 2360 1299 2364; x_wconf 17' lang='grc' dir='ltr'><strong><em>ι</em></strong></span> 
     </span>
    </p>

    <p class='ocr_par' dir='ltr' id='par_1_4' title="bbox 218 2383 1267 2468">
     <span class='ocr_line' id='line_1_20' title="bbox 218 2383 1267 2468; baseline 0.002 -20"><span class='ocrx_word' id='word_1_150' title='bbox 218 2422 219 2427; x_wconf 43' lang='lat'>1</span> <span class='ocrx_word' id='word_1_151' title='bbox 248 2383 377 2449; x_wconf 76' lang='lat' dir='ltr'><strong>¹⁶³Hoo</strong></span> <span class='ocrx_word' id='word_1_152' title='bbox 407 2397 450 2449; x_wconf 83' lang='lat' dir='ltr'><strong>est</strong></span> <span class='ocrx_word' id='word_1_153' title='bbox 482 2390 561 2448; x_wconf 86' lang='lat' dir='ltr'><strong>enim</strong></span> <span class='ocrx_word' id='word_1_154' title='bbox 591 2409 702 2467; x_wconf 83' lang='lat' dir='ltr'><strong>corpus</strong></span> <span class='ocrx_word' id='word_1_155' title='bbox 731 2409 835 2450; x_wconf 86' lang='lat' dir='ltr'><strong>meum.</strong></span> <span class='ocrx_word' id='word_1_156' title='bbox 888 2389 1011 2468; x_wconf 76' lang='lat' dir='ltr'><strong>Corpus</strong></span> <span class='ocrx_word' id='word_1_157' title='bbox 1038 2409 1126 2451; x_wconf 90' lang='lat' dir='ltr'><strong>suum</strong></span> <span class='ocrx_word' id='word_1_158' title='bbox 1155 2407 1267 2467; x_wconf 85' lang='lat' dir='ltr'><strong>paoem</strong></span> 
     </span>
    </p>

    <p class='ocr_par' dir='ltr' id='par_1_5' title="bbox 159 2497 1274 3227">
     <span class='ocr_line' id='line_1_21' title="bbox 160 2497 1269 2576; baseline -0.002 -18"><span class='ocrx_word' id='word_1_159' title='bbox 160 2499 282 2575; x_wconf 86' lang='lat' dir='ltr'><strong>dicens,</strong></span> <span class='ocrx_word' id='word_1_160' title='bbox 313 2499 352 2558; x_wconf 89' lang='lat' dir='ltr'><strong>do</strong></span> <span class='ocrx_word' id='word_1_161' title='bbox 375 2497 540 2556; x_wconf 90' lang='lat' dir='ltr'><strong>multorum</strong></span> <span class='ocrx_word' id='word_1_162' title='bbox 568 2514 736 2572; x_wconf 84' lang='lat' dir='ltr'><strong>granorum</strong></span> <span class='ocrx_word' id='word_1_163' title='bbox 760 2500 954 2558; x_wconf 51' lang='lat' dir='ltr'><strong>¹adunatione</strong></span> <span class='ocrx_word' id='word_1_164' title='bbox 977 2500 1175 2576; x_wconf 84' lang='lat' dir='ltr'><strong>congestum,</strong></span> <span class='ocrx_word' id='word_1_165' title='bbox 1206 2511 1269 2574; x_wconf 85' lang='lat' dir='ltr'><strong>po·-</strong></span> 
     </span>
     <span class='ocr_line' id='line_1_22' title="bbox 159 2604 1271 2684; baseline -0.001 -18"><span class='ocrx_word' id='word_1_166' title='bbox 159 2608 266 2684; x_wconf 89' lang='lat' dir='ltr'><strong>pulum</strong></span> <span class='ocrx_word' id='word_1_167' title='bbox 287 2607 369 2666; x_wconf 89' lang='lat' dir='ltr'><strong>huno</strong></span> <span class='ocrx_word' id='word_1_168' title='bbox 388 2623 477 2681; x_wconf 88' lang='lat' dir='ltr'><strong>quem</strong></span> <span class='ocrx_word' id='word_1_169' title='bbox 500 2606 670 2682; x_wconf 75' lang='lat' dir='ltr'><strong>assumpsit</strong></span> <span class='ocrx_word' id='word_1_170' title='bbox 690 2607 807 2665; x_wconf 88' lang='lat' dir='ltr'><strong>indicat</strong></span> <span class='ocrx_word' id='word_1_171' title='bbox 829 2607 1006 2666; x_wconf 84' lang='lat' dir='ltr'><strong>adunatum.</strong></span> <span class='ocrx_word' id='word_1_172' title='bbox 1043 2605 1106 2665; x_wconf 87' lang='lat' dir='ltr'><strong>Hic</strong></span> <span class='ocrx_word' id='word_1_173' title='bbox 1123 2612 1168 2666; x_wconf 79' lang='lat' dir='ltr'><strong>est</strong></span> <span class='ocrx_word' id='word_1_174' title='bbox 1182 2604 1271 2665; x_wconf 73' lang='lat' dir='ltr'><strong>coiis</strong></span> 
     </span>
     <span class='ocr_line' id='line_1_23' title="bbox 160 2712 1271 2795; baseline -0.004 -19"><span class='ocrx_word' id='word_1_175' title='bbox 160 2716 316 2795; x_wconf 70' lang='lat' dir='ltr'><strong>sonupninis</strong></span> <span class='ocrx_word' id='word_1_176' title='bbox 338 2717 407 2774; x_wconf 88' lang='lat' dir='ltr'><strong>mei.</strong></span> <span class='ocrx_word' id='word_1_177' title='bbox 452 2712 639 2790; x_wconf 82' lang='lat' dir='ltr'><strong>Sanguinem</strong></span> <span class='ocrx_word' id='word_1_178' title='bbox 662 2731 750 2774; x_wconf 90' lang='lat' dir='ltr'><strong>suum</strong></span> <span class='ocrx_word' id='word_1_179' title='bbox 773 2717 876 2774; x_wconf 91' lang='lat' dir='ltr'><strong>vinum</strong></span> <span class='ocrx_word' id='word_1_180' title='bbox 900 2713 1083 2791; x_wconf 73' lang='lat' dir='ltr'><strong>appellans„</strong></span> <span class='ocrx_word' id='word_1_181' title='bbox 1104 2714 1144 2773; x_wconf 91' lang='lat' dir='ltr'><strong>de</strong></span> <span class='ocrx_word' id='word_1_182' title='bbox 1167 2713 1271 2773; x_wconf 83' lang='lat' dir='ltr'><strong>botris</strong></span> 
     </span>
     <span class='ocr_line' id='line_1_24' title="bbox 160 2822 1272 2902; baseline -0.001 -19"><span class='ocrx_word' id='word_1_183' title='bbox 160 2826 255 2898; x_wconf 86' lang='lat' dir='ltr'><strong>atque</strong></span> <span class='ocrx_word' id='word_1_184' title='bbox 287 2824 384 2881; x_wconf 91' lang='lat' dir='ltr'><strong>acinis</strong></span> <span class='ocrx_word' id='word_1_185' title='bbox 415 2822 557 2898; x_wconf 86' lang='lat' dir='ltr'><strong>plurimis</strong></span> <span class='ocrx_word' id='word_1_186' title='bbox 581 2839 764 2899; x_wconf 85' lang='lat' dir='ltr'><strong>expressum</strong></span> <span class='ocrx_word' id='word_1_187' title='bbox 787 2828 820 2882; x_wconf 88' lang='lat' dir='ltr'><strong>et</strong></span> <span class='ocrx_word' id='word_1_188' title='bbox 841 2825 871 2883; x_wconf 93' lang='lat' dir='ltr'><strong>in</strong></span> <span class='ocrx_word' id='word_1_189' title='bbox 894 2840 984 2883; x_wconf 88' lang='lat' dir='ltr'><strong>unum</strong></span> <span class='ocrx_word' id='word_1_190' title='bbox 1007 2825 1163 2902; x_wconf 87' lang='lat' dir='ltr'><strong>coactum,</strong></span> <span class='ocrx_word' id='word_1_191' title='bbox 1195 2823 1272 2882; x_wconf 83' lang='lat' dir='ltr'><strong>item</strong></span> 
     </span>
     <span class='ocr_line' id='line_1_25' title="bbox 160 2931 1274 3008; baseline -0.003 -17"><span class='ocrx_word' id='word_1_192' title='bbox 160 2932 435 3007; x_wconf 80' lang='lat' dir='ltr'><strong>congregationem</strong></span> <span class='ocrx_word' id='word_1_193' title='bbox 457 2934 595 2991; x_wconf 87' lang='lat' dir='ltr'><strong>nostram</strong></span> <span class='ocrx_word' id='word_1_194' title='bbox 616 2932 772 3008; x_wconf 84' lang='lat' dir='ltr'><strong>signifieat</strong></span> <span class='ocrx_word' id='word_1_195' title='bbox 786 2931 1004 2990; x_wconf 84' lang='lat' dir='ltr'><strong>commixtione</strong></span> <span class='ocrx_word' id='word_1_196' title='bbox 1018 2932 1173 2990; x_wconf 86' lang='lat' dir='ltr'><strong>adunatae</strong></span> <span class='ocrx_word' id='word_1_197' title='bbox 1188 2931 1274 2989; x_wconf 87' lang='lat' dir='ltr'><strong>mul-·</strong></span> 
     </span>
     <span class='ocr_line' id='line_1_26' title="bbox 161 3035 1269 3119; baseline 0 -21"><span class='ocrx_word' id='word_1_198' title='bbox 161 3038 302 3099; x_wconf 83' lang='lat' dir='ltr'><strong>titudinis</strong></span> <span class='ocrx_word' id='word_1_199' title='bbox 321 3038 512 3117; x_wconf 80' lang='lat' dir='ltr'><strong>copulatam.</strong></span> <span class='ocrx_word' id='word_1_200' title='bbox 558 3035 602 3076; x_wconf 76' lang='lat'><strong>¹⁶⁴</strong></span> <span class='ocrx_word' id='word_1_201' title='bbox 616 3040 730 3109; x_wconf 77' lang='lat' dir='ltr'><strong>Pater,</strong></span> <span class='ocrx_word' id='word_1_202' title='bbox 759 3042 786 3100; x_wconf 85' lang='lat' dir='ltr'><strong>si</strong></span> <span class='ocrx_word' id='word_1_203' title='bbox 806 3041 877 3119; x_wconf 80' lang='lat' dir='ltr'><strong>fieri</strong></span> <span class='ocrx_word' id='word_1_204' title='bbox 895 3047 1017 3119; x_wconf 78' lang='lat' dir='ltr'><strong>petest,</strong></span> <span class='ocrx_word' id='word_1_205' title='bbox 1052 3045 1187 3098; x_wconf 80' lang='lat' dir='ltr'><strong>transeut</strong></span> <span class='ocrx_word' id='word_1_206' title='bbox 1216 3039 1269 3098; x_wconf 90' lang='lat' dir='ltr'><strong>vol</strong></span> 
     </span>
     <span class='ocr_line' id='line_1_27' title="bbox 164 3147 1274 3227; baseline 0 -19"><span class='ocrx_word' id='word_1_207' title='bbox 164 3151 298 3226; x_wconf 76' lang='lat' dir='ltr'><strong>transfer</strong></span> <span class='ocrx_word' id='word_1_208' title='bbox 324 3169 345 3208; x_wconf 83' lang='lat' dir='ltr'><strong>a</strong></span> <span class='ocrx_word' id='word_1_209' title='bbox 369 3167 418 3208; x_wconf 77' lang='lat' dir='ltr'><strong>sne</strong></span> <span class='ocrx_word' id='word_1_210' title='bbox 449 3148 575 3210; x_wconf 81' lang='lat' dir='ltr'><strong>culicem</strong></span> <span class='ocrx_word' id='word_1_211' title='bbox 603 3151 704 3209; x_wconf 78' lang='lat' dir='ltr'><strong>istem.</strong></span> <span class='ocrx_word' id='word_1_212' title='bbox 754 3149 969 3227; x_wconf 83' lang='lat' dir='ltr'><strong>Fragiiitatem</strong></span> <span class='ocrx_word' id='word_1_213' title='bbox 999 3149 1029 3208; x_wconf 92' lang='lat' dir='ltr'><strong>in</strong></span> <span class='ocrx_word' id='word_1_214' title='bbox 1061 3165 1096 3208; x_wconf 91' lang='lat' dir='ltr'><strong>se</strong></span> <span class='ocrx_word' id='word_1_215' title='bbox 1127 3147 1274 3208; x_wconf 83' lang='lat' dir='ltr'><strong>dominus</strong></span> 
     </span>
    </p>
   </div>
   <div class='ocr_carea' id='block_1_3' title="bbox 160 3256 1375 3336">
    <p class='ocr_par' dir='ltr' id='par_1_6' title="bbox 160 3256 1375 3336">
     <span class='ocr_line' id='line_1_28' title="bbox 160 3256 1375 3336; baseline 0.002 -20"><span class='ocrx_word' id='word_1_216' title='bbox 160 3257 396 3334; x_wconf 80' lang='lat' dir='ltr'><strong>praefigurabat</strong></span> <span class='ocrx_word' id='word_1_217' title='bbox 419 3256 596 3335; x_wconf 84' lang='lat' dir='ltr'><strong>humanam,</strong></span> <span class='ocrx_word' id='word_1_218' title='bbox 624 3259 766 3334; x_wconf 85' lang='lat' dir='ltr'><strong>quisine</strong></span> <span class='ocrx_word' id='word_1_219' title='bbox 787 3260 897 3319; x_wconf 86' lang='lat' dir='ltr'><strong>laboro</strong></span> <span class='ocrx_word' id='word_1_220' title='bbox 921 3257 1062 3336; x_wconf 88' lang='lat' dir='ltr'><strong>patiendi</strong></span> <span class='ocrx_word' id='word_1_221' title='bbox 1083 3256 1215 3316; x_wconf 88' lang='lat' dir='ltr'><strong>libcrari</strong></span> <span class='ocrx_word' id='word_1_222' title='bbox 1230 3261 1271 3318; x_wconf 64' lang='lat' dir='ltr'><strong>‘ss</strong></span> <span class='ocrx_word' id='word_1_223' title='bbox 1370 3329 1375 3336; x_wconf 28' lang='grc' dir='ltr'>Ι</span> 
     </span>
    </p>
   </div>
   <div class='ocr_carea' id='block_1_4' title="bbox 161 3366 1271 3879">
    <p class='ocr_par' dir='ltr' id='par_1_7' title="bbox 161 3366 1271 3879">
     <span class='ocr_line' id='line_1_29' title="bbox 162 3366 1270 3446; baseline -0.002 -20"><span class='ocrx_word' id='word_1_224' title='bbox 162 3366 307 3442; x_wconf 83' lang='lat' dir='ltr'><strong>cupiebat</strong></span> <span class='ocrx_word' id='word_1_225' title='bbox 321 3382 340 3424; x_wconf 86' lang='lat' dir='ltr'><strong>a</strong></span> <span class='ocrx_word' id='word_1_226' title='bbox 356 3369 500 3443; x_wconf 89' lang='lat' dir='ltr'><strong>eorporis</strong></span> <span class='ocrx_word' id='word_1_227' title='bbox 521 3384 615 3428; x_wconf 85' lang='lat' dir='ltr'><strong>nexu.</strong></span> <span class='ocrx_word' id='word_1_228' title='bbox 647 3369 707 3426; x_wconf 53' lang='lat' dir='ltr'><strong>‘0b</strong></span> <span class='ocrx_word' id='word_1_229' title='bbox 730 3369 791 3428; x_wconf 91' lang='lat' dir='ltr'><strong>hoc</strong></span> <span class='ocrx_word' id='word_1_230' title='bbox 808 3370 937 3429; x_wconf 81' lang='lat' dir='ltr'><strong>calioc&#39;m</strong></span> <span class='ocrx_word' id='word_1_231' title='bbox 957 3384 1016 3446; x_wconf 93' lang='lat' dir='ltr'><strong>pro</strong></span> <span class='ocrx_word' id='word_1_232' title='bbox 1039 3369 1186 3444; x_wconf 86' lang='lat' dir='ltr'><strong>passione</strong></span> <span class='ocrx_word' id='word_1_233' title='bbox 1209 3366 1270 3441; x_wconf 82' lang='lat' dir='ltr'><strong>ait-3</strong></span> 
     </span>
     <span class='ocr_line' id='line_1_30' title="bbox 161 3475 1270 3553; baseline 0.001 -20"><span class='ocrx_word' id='word_1_234' title='bbox 161 3491 230 3534; x_wconf 87' lang='lat' dir='ltr'><strong>nam</strong></span> <span class='ocrx_word' id='word_1_235' title='bbox 254 3476 357 3534; x_wconf 90' lang='lat' dir='ltr'><strong>viuum</strong></span> <span class='ocrx_word' id='word_1_236' title='bbox 380 3475 509 3550; x_wconf 87' lang='lat' dir='ltr'><strong>sanguis</strong></span> <span class='ocrx_word' id='word_1_237' title='bbox 531 3476 768 3551; x_wconf 85' lang='lat' dir='ltr'><strong>interpretatur,</strong></span> <span class='ocrx_word' id='word_1_238' title='bbox 790 3480 823 3535; x_wconf 92' lang='lat' dir='ltr'><strong>et</strong></span> <span class='ocrx_word' id='word_1_239' title='bbox 844 3477 927 3535; x_wconf 83' lang='lat' dir='ltr'><strong>calix</strong></span> <span class='ocrx_word' id='word_1_240' title='bbox 942 3493 1057 3552; x_wconf 88' lang='lat' dir='ltr'><strong>corpus</strong></span> <span class='ocrx_word' id='word_1_241' title='bbox 1074 3476 1270 3553; x_wconf 83' lang='lat' dir='ltr'><strong>agnoscitur:</strong></span> 
     </span>
     <span class='ocr_line' id='line_1_31' title="bbox 162 3583 1271 3660; baseline 0.002 -18"><span class='ocrx_word' id='word_1_242' title='bbox 162 3584 243 3642; x_wconf 87' lang='lat' dir='ltr'><strong>siout</strong></span> <span class='ocrx_word' id='word_1_243' title='bbox 269 3584 350 3644; x_wconf 89' lang='lat' dir='ltr'><strong>enim</strong></span> <span class='ocrx_word' id='word_1_244' title='bbox 377 3583 450 3642; x_wconf 90' lang='lat' dir='ltr'><strong>vino</strong></span> <span class='ocrx_word' id='word_1_245' title='bbox 473 3583 571 3658; x_wconf 85' lang='lat' dir='ltr'><strong>calix,</strong></span> <span class='ocrx_word' id='word_1_246' title='bbox 601 3584 644 3642; x_wconf 90' lang='lat' dir='ltr'><strong>ita</strong></span> <span class='ocrx_word' id='word_1_247' title='bbox 668 3585 820 3660; x_wconf 86' lang='lat' dir='ltr'><strong>sanguine</strong></span> <span class='ocrx_word' id='word_1_248' title='bbox 847 3584 973 3660; x_wconf 89' lang='lat' dir='ltr'><strong>plenum</strong></span> <span class='ocrx_word' id='word_1_249' title='bbox 1001 3587 1051 3643; x_wconf 88' lang='lat' dir='ltr'><strong>est</strong></span> <span class='ocrx_word' id='word_1_250' title='bbox 1071 3600 1187 3660; x_wconf 90' lang='lat' dir='ltr'><strong>eorpus</strong></span> <span class='ocrx_word' id='word_1_251' title='bbox 1209 3584 1271 3644; x_wconf 90' lang='lat' dir='ltr'><strong>hu-</strong></span> 
     </span>
     <span class='ocr_line' id='line_1_32' title="bbox 162 3685 1271 3771; baseline 0.003 -21"><span class='ocrx_word' id='word_1_252' title='bbox 162 3708 292 3751; x_wconf 86' lang='lat' dir='ltr'><strong>manum.</strong></span> <span class='ocrx_word' id='word_1_253' title='bbox 340 3685 434 3750; x_wconf 62' lang='grc'><strong>151111</strong></span> <span class='ocrx_word' id='word_1_254' title='bbox 452 3691 602 3768; x_wconf 72' lang='lat' dir='ltr'><strong>pmcnssit</strong></span> <span class='ocrx_word' id='word_1_255' title='bbox 624 3690 735 3751; x_wconf 84' lang='lat' dir='ltr'><strong>Petrus</strong></span> <span class='ocrx_word' id='word_1_256' title='bbox 757 3709 868 3751; x_wconf 77' lang='lat' dir='ltr'><strong>serorun</strong></span> <span class='ocrx_word' id='word_1_257' title='bbox 895 3692 1052 3771; x_wconf 78' lang='lat' dir='ltr'><strong>principis</strong></span> <span class='ocrx_word' id='word_1_258' title='bbox 1081 3691 1271 3753; x_wconf 69' lang='lat' dir='ltr'><strong>secerdotum</strong></span> 
     </span>
     <span class='ocr_line' id='line_1_33' title="bbox 164 3797 1270 3879; baseline 0.001 -21"><span class='ocrx_word' id='word_1_259' title='bbox 164 3807 193 3860; x_wconf 83' lang='lat' dir='ltr'><strong>et</strong></span> <span class='ocrx_word' id='word_1_260' title='bbox 214 3799 385 3879; x_wconf 79' lang='lat' dir='ltr'><strong>amputavit</strong></span> <span class='ocrx_word' id='word_1_261' title='bbox 407 3799 468 3859; x_wconf 85' lang='lat' dir='ltr'><strong>eins</strong></span> <span class='ocrx_word' id='word_1_262' title='bbox 490 3797 656 3859; x_wconf 83' lang='lat' dir='ltr'><strong>auriculam</strong></span> <span class='ocrx_word' id='word_1_263' title='bbox 682 3799 850 3861; x_wconf 79' lang='lat' dir='ltr'><strong>dexteram.</strong></span> <span class='ocrx_word' id='word_1_264' title='bbox 893 3800 924 3860; x_wconf 89' lang='lat' dir='ltr'><strong>Is</strong></span> <span class='ocrx_word' id='word_1_265' title='bbox 947 3803 1050 3861; x_wconf 89' lang='lat' dir='ltr'><strong>autem</strong></span> <span class='ocrx_word' id='word_1_266' title='bbox 1081 3802 1133 3862; x_wconf 90' lang='lat' dir='ltr'><strong>cui</strong></span> <span class='ocrx_word' id='word_1_267' title='bbox 1163 3801 1270 3860; x_wconf 85' lang='lat' dir='ltr'><strong>ablata</strong></span> 
     </span>
    </p>
   </div>
   <div class='ocr_carea' id='block_1_5' title="bbox 163 3985 1270 4227">
    <p class='ocr_par' dir='ltr' id='par_1_8' title="bbox 163 3985 1270 4227">
     <span class='ocr_line' id='line_1_34' title="bbox 217 3985 1255 4058; baseline 0 -17"><span class='ocrx_word' id='word_1_268' title='bbox 217 3987 275 4041; x_wconf 82' lang='lat'><strong>152.</strong></span> <span class='ocrx_word' id='word_1_269' title='bbox 293 3989 442 4041; x_wconf 84' lang='lat' dir='ltr'><strong>Invenietis</strong></span> <span class='ocrx_word' id='word_1_270' title='bbox 459 3987 521 4056; x_wconf 78' lang='lat' dir='ltr'><strong>etc]</strong></span> <span class='ocrx_word' id='word_1_271' title='bbox 549 3988 639 4040; x_wconf 79' lang='lat' dir='ltr'><strong>Metto.</strong></span> <span class='ocrx_word' id='word_1_272' title='bbox 657 3987 700 4052; x_wconf 80' lang='grc'><strong>21,</strong></span> <span class='ocrx_word' id='word_1_273' title='bbox 788 3987 846 4042; x_wconf 81' lang='grc'><strong>151.</strong></span> <span class='ocrx_word' id='word_1_274' title='bbox 865 3990 948 4043; x_wconf 83' lang='lat' dir='ltr'><strong>Peter</strong></span> <span class='ocrx_word' id='word_1_275' title='bbox 965 3990 1025 4058; x_wconf 79' lang='lat' dir='ltr'><strong>etc]</strong></span> <span class='ocrx_word' id='word_1_276' title='bbox 1044 3989 1133 4042; x_wconf 78' lang='lat' dir='ltr'><strong>Mutila</strong></span> <span class='ocrx_word' id='word_1_277' title='bbox 1150 3985 1193 4052; x_wconf 78' lang='lat'><strong>26,</strong></span> <span class='ocrx_word' id='word_1_278' title='bbox 1211 3986 1255 4041; x_wconf 80' lang='grc'><strong>39.</strong></span> 
     </span>
     <span class='ocr_line' id='line_1_35' title="bbox 163 4069 1270 4142; baseline -0.003 -16"><span class='ocrx_word' id='word_1_279' title='bbox 163 4073 189 4126; x_wconf 84' lang='lat'><strong>2.</strong></span> <span class='ocrx_word' id='word_1_280' title='bbox 208 4073 232 4126; x_wconf 88' lang='grc'><strong>7.</strong></span> <span class='ocrx_word' id='word_1_281' title='bbox 251 4073 278 4128; x_wconf 89' lang='grc'><strong>8.</strong></span> <span class='ocrx_word' id='word_1_282' title='bbox 383 4079 386 4086; x_wconf 90' lang='grc'><strong>’</strong></span> <span class='ocrx_word' id='word_1_283' title='bbox 788 4072 847 4127; x_wconf 90' lang='grc'><strong>155.</strong></span> <span class='ocrx_word' id='word_1_284' title='bbox 871 4075 906 4126; x_wconf 82' lang='lat' dir='ltr'><strong>Et</strong></span> <span class='ocrx_word' id='word_1_285' title='bbox 930 4074 994 4142; x_wconf 75' lang='lat' dir='ltr'><strong>ete]</strong></span> <span class='ocrx_word' id='word_1_286' title='bbox 1028 4073 1117 4126; x_wconf 78' lang='lat' dir='ltr'><strong>mutto.</strong></span> <span class='ocrx_word' id='word_1_287' title='bbox 1145 4069 1194 4135; x_wconf 78' lang='grc'><strong>16,</strong></span> <span class='ocrx_word' id='word_1_288' title='bbox 1220 4070 1270 4139; x_wconf 83' lang='grc'><strong>51;</strong></span> 
     </span>
     <span class='ocr_line' id='line_1_36' title="bbox 188 4153 947 4227; baseline 0 -17"><span class='ocrx_word' id='word_1_289' title='bbox 188 4168 191 4172; x_wconf 75' lang='grc'><strong><em>’</em></strong></span> <span class='ocrx_word' id='word_1_290' title='bbox 215 4157 274 4211; x_wconf 85' lang='grc'><strong>153.</strong></span> <span class='ocrx_word' id='word_1_291' title='bbox 292 4157 349 4210; x_wconf 82' lang='lat' dir='ltr'><strong>Hos</strong></span> <span class='ocrx_word' id='word_1_292' title='bbox 368 4157 429 4225; x_wconf 78' lang='lat' dir='ltr'><strong>sto]</strong></span> <span class='ocrx_word' id='word_1_293' title='bbox 452 4153 665 4223; x_wconf 63' lang='grc'><strong>6151162626.</strong></span> <span class='ocrx_word' id='word_1_294' title='bbox 734 4156 824 4210; x_wconf 82' lang='lat' dir='ltr'><strong>Ionon.</strong></span> <span class='ocrx_word' id='word_1_295' title='bbox 842 4157 886 4227; x_wconf 84' lang='grc'><strong>18,</strong></span> <span class='ocrx_word' id='word_1_296' title='bbox 905 4157 947 4211; x_wconf 89' lang='grc'><strong>16.</strong></span> 
     </span>
    </p>
   </div>
   <div class='ocr_carea' id='block_1_6' title="bbox 0 0 1438 4852">
    <p class='ocr_par' dir='ltr' id='par_1_9' title="bbox 0 0 1438 4852">
     <span class='ocr_line' id='line_1_37' title="bbox 0 0 1438 4852; baseline 0 0"><span class='ocrx_word' id='word_1_297' title='bbox 0 0 1438 4852; x_wconf 95' lang='lat' dir='ltr'><strong> </strong></span> 
     </span>
    </p>
   </div>
  </div>
 </body>
</html>
