2836 4852
446 234 503 295 Ab
524 233 770 297 AUTOLYCUM
790 233 868 295 LIB.
887 234 926 298 11.
1199 237 1261 304 131

153 405 308 467 mortalis.
353 405 443 474 Quod
471 409 574 465 autem
605 408 682 467 deus
711 409 804 467 uocat
835 410 867 466 et
896 407 958 467 ait:
1006 405 1065 468 Ubi
1086 427 1116 468 ec
1139 406 1263 472 Adam?

154 532 215 576 non
246 517 328 590 quod
358 516 521 592 ignoraret
550 516 594 576 ita
623 515 761 576 faciebat
789 518 882 593 deus,
911 518 987 594 sed,
1016 535 1108 593 quum
1137 521 1263 596 paticus

154 625 211 702 sit,
234 627 427 684 occasionem
452 627 482 683 ei
502 626 599 684 dabat
619 610 801 702 poenitendi
824 629 856 685 et
878 627 1054 686 confitendi.

134 736 140 745 '
241 737 292 794 27.
317 735 379 794 Sed
401 736 484 796 dicet
506 735 621 810 aliquis
644 733 751 795 nobis:
774 730 904 794 -Naturai
927 736 1069 795 mortalis
1091 734 1193 800 faetus
1213 742 1264 800 est

154 843 270 906 homo‘t
295 845 430 907 Minime.
468 845 546 905 Num
568 845 778 904 immortaltst
805 844 913 920 Neque
936 845 996 904 hoc
1019 846 1159 906 dicimus.
1199 846 1282 909 Sed‘

155 954 238 1013 dicet
267 955 397 1030 aliquis:
442 954 528 1013 Nihil
561 971 638 1030 ergo
662 953 765 1015 factus
788 956 862 1013 esti
907 955 1015 1030 Neque
1038 955 1100 1018 hoe
1122 957 1263 1018 dicimus.

153 1061 254 1140 Igitur
284 1082 341 1124 neo
368 1064 481 1124 naturai
507 1065 648 1123 mortalis
670 1081 728 1123 uec
750 1065 934 1123 immortalis
956 1064 1058 1123 sactus
1082 1066 1141 1123 est.
1184 1065 1264 1127 Nam

154 1173 182 1232 si
201 1174 407 1235 immortalem
436 1192 504 1234 eum
527 1175 567 1234 ab
595 1175 684 1233 initio
715 1173 863 1251 fecisset,
893 1175 984 1233 deum
1012 1191 1081 1234 eum
1111 1174 1262 1254 iecisset3

152 1298 264 1342 rursus
286 1284 313 1342 si
337 1286 498 1344 mortalem
521 1302 590 1344 eum
612 1283 760 1360 iecisset,
782 1285 943 1344 videretur
965 1284 1043 1343 deos
1064 1301 1159 1344 causa
1177 1300 1263 1344 mor·

153 1540 206 1580 uon
229 1527 429 1595 corrumpenda,
454 1524 624 1591 perpetuitate
648 1538 691 1575 ae·
726 1540 785 1576 rere
811 1525 916 1577 sivisset
943 1527 1102 1590 orationem,
1134 1539 1208 1592 quem
1235 1527 1263 1578 iu

152 1615 229 1664 terna
252 1611 398 1662 donaretur.
414 1646 416 1652 -
435 1611 509 1660 Patet
534 1622 635 1675 quoque
660 1624 693 1660 ex
727 1609 850 1662 eiusmodi
878 1625 937 1661 casu
967 1609 998 1660 ad
1024 1609 1177 1677 Autolycum
1203 1624 1265 1664 cen·

153 1697 320 1762 sequentibus
337 1695 471 1762 Theophili
490 1693 576 1744 verbis
594 1707 693 1744 sermo·
728 1696 829 1744 vertere
849 1695 1010 1746 consucvitl‘

146 1792 213 1832 'uem
233 1781 283 1846 ipsi
302 1780 343 1830 hic
362 1794 419 1830 osse
444 1778 475 1829 de
495 1792 523 1828 ec
542 1777 692 1828 immortuli—
796 1776 822 1829 4.
849 1772 923 1831 Οὔτε
942 1768 995 1833 οὖν
1016 1775 1101 1846 φύσει
1119 1778 1189 1847 neh]
1221 1780 1265 1834 Si·

154 1869 215 1929 tate‚
237 1878 302 1931 quae
320 1879 376 1915 cum
396 1864 516 1914 beatitate
532 1867 639 1913 aeterna
658 1862 693 1912 sit
727 1863 794 1914 milio
828 1864 905 1915 habes
935 1864 1000 1931 apud
1028 1864 1200 1930 Augustiuum
1226 1865 1265 1919 De

153 1950 294 2000 coniuncte.
332 1947 392 1999 ldeo
418 1947 485 1998 euim
510 1945 692 2011 incorruptibi-
728 1949 796 1999 civit.
823 1949 864 2001 dci
890 1950 960 2001 Xlll.
986 1964 1007 2008 e.
1025 1948 1069 2000 23.
1096 1950 1264 2002 Korthottos.

152 2034 250 2086 litatem
276 2034 403 2085 connectit
428 2047 482 2083 cum
510 2031 559 2081 vita
579 2034 692 2081 aelerna.
727 2032 837 2084 hletliurn
864 2035 972 2086 hominis
997 2038 1090 2086 statum
1109 2035 1177 2086 inter
1195 2047 1264 2086 mor·

151 2112 260 2171 Ἐδωκε
278 2115 346 2185 γὰρ,
371 2117 470 2183 inquit,
497 2107 511 2167 ὁ
532 2111 601 2174 θεός
626 2108 691 2180 ἡμῖν
726 2118 850 2170 talitatern
876 2123 904 2169 et
928 2119 1141 2170 immortalitatem
1170 2122 1196 2170 et
1222 2118 1264 2170 ulit

155 2200 244 2270 νόμον
261 2201 308 2254 καὶ
328 2199 441 2261 ἐντολὰς
459 2195 554 2266 ἁγίας,
581 2192 615 2260 ἃς
633 2201 691 2260 πᾶς
726 2206 812 2268 patres
830 2203 939 2269 amplexi
957 2206 1032 2268 eunt,
1062 2217 1125 2270 quoe
1144 2203 1264 2255 Petavius

155 2286 171 2344 t
196 2287 318 2356 ποιήσας
344 2285 464 2340 δύναται
490 2287 620 2352 σωθῆναι
643 2286 691 2338 καὶ
726 2286 744 2339 l.
770 2303 791 2339 c.
819 2292 844 2338 et
869 2286 1015 2339 Dodwellus
1041 2289 1067 2338 in
1093 2288 1160 2340 libro
1187 2289 1263 2339 citato

153 2376 205 2444 τῆς
230 2369 409 2432 ἀναστάσεως
437 2369 527 2439 ruptio
555 2376 691 2439 κληρονο-
726 2371 868 2423 laudarunt.
914 2373 957 2423 Sic
984 2373 1120 2429 Nemeeius
1146 2373 1184 2425 De
1211 2375 1263 2425 nat.

153 2463 242 2528 μήσαο
260 2455 313 2526 τήν
333 2455 509 2527 α’φθαρσίαν.
547 2459 590 2510 Sic
615 2474 692 2524 supra
727 2456 821 2507 homin.
840 2472 862 2510 c.
881 2457 895 2508 1
915 2458 963 2508 ait:
993 2451 1120 2523 Ἑβραῖοι
1145 2453 1194 2509 τὸν
1213 2452 1264 2509 ἅτ-

154 2546 188 2614 [ο.
206 2546 253 2614 24]
279 2545 455 2597 immortaliter
479 2543 579 2596 divinae
603 2543 692 2594 similis
726 2542 848 2603 θρωπον
881 2537 909 2604 ἐξ
938 2535 1026 2606 ἀρχῆς
1058 2536 1124 2593 οὔτι
1154 2539 1264 2606 θνητὸν

154 2647 208 2684 eoru
227 2631 392 2684 absconsione
411 2631 437 2680 in
456 2628 541 2681 coelos
560 2627 692 2691 coniungi·
729 2620 795 2679 οὔτε
815 2623 966 2678 decomeco
983 2625 1151 2692 γεγενῆσθαί
1167 2641 1264 2690 φασιν,

153 2722 211 2772 ture
237 2714 278 2768 ἔτι
302 2713 332 2768 ot
350 2713 396 2768 out
416 2712 486 2774 θεός
505 2709 693 2778 decoci-pecte,
728 2707 783 2765 ἀλλ’
814 2709 843 2764 ἐν
869 2710 1018 2778 μεθορίοις
1046 2706 1178 2776 ἑκατέρας
1205 2708 1264 2775 φύ-

154 2799 246 2864 οῧτως
264 2801 312 2854 καὶ
331 2802 371 2861 εἰς
389 2799 439 2854 τὸν
457 2794 581 2866 cooevos
600 2793 693 2866 ἀναβῇ
728 2815 804 2860 ormo,
825 2798 881 2863 ἵνα,
901 2791 937 2850 tte
955 2793 1005 2862 μὲν
1022 2800 1082 2856 τοῖς
1096 2799 1264 2861 σωματικοῖς

154 2888 221 2957 [.ι..
248 2885 317 2954 ἔχων
337 2883 509 2952 vitutem}
546 2886 631 2950 Atque
656 2885 690 2934 ite
729 2879 908 2951 ἀκολουθήσῃ
920 2881 1053 2948 πάθεσιν,
1067 2880 1202 2952 περιπέσῃ
1214 2880 1263 2935 aot

152 2975 235 3025 locum
262 2969 396 3042 Theophili
424 2974 522 3038 accepit
545 2972 620 3022 Dion.
641 2971 690 3022 Pe·
728 2975 790 3032 ταῖς
810 2973 981 3033 σωματικαῖς
1004 2968 1188 3037 μεταβολαῖς,
1213 2964 1263 3020 ἐὰν

152 3059 235 3110 torius
259 3059 285 3109 tn
311 3058 428 3123 Dogmat.
452 3057 531 3108 theol.
549 3057 579 3109 T.
599 3056 646 3107 111.
665 3071 691 3122 p.
728 3053 758 3108 ut
772 3057 925 3122 τήςψοχῆς
939 3052 1097 3122 προτιμήσῃ
1114 3049 1194 3120 καλά,
1212 3052 1263 3119 τῆς

154 3141 213 3194 173.
245 3145 270 3194 ls
287 3144 363 3206 enim,
382 3143 462 3193 allatis
479 3142 613 3207 Theophili
629 3156 690 3192 uer·
727 3135 885 3200 ἀθανασίας
905 3134 1026 3209 ἀξιωθῇ.

154 3227 201 3278 hie
217 3227 274 3278 istis
300 3220 406 3278 Medios
429 3227 506 3278 bomo
530 3227 618 3293 [octoas
634 3229 692 3278 eret
794 3227 819 3279 5.
838 3223 998 3292 πιποιήιιει]
1020 3224 1081 3276 Ven.
1097 3221 1207 3274 etBotll.
1220 3221 1263 3274 hio

153 3315 185 3363 eet
199 3326 248 3363 hec
265 3312 425 3364 immortalis
438 3314 510 3362 >esset
523 3312 630 3362 omuino
642 3325 691 3361 ue-
727 3314 752 3363 et
770 3316 874 3380 postee;
894 3311 953 3362 editi
973 3305 1142 3374 ἐπεποιήκει.

154 3411 205 3462 octe
223 3411 335 3462 proceres
352 3396 474 3448 mortalis
491 3397 538 3446 sed
555 3395 691 3446 umbonem
794 3395 819 3446 t.
841 3390 1042 3455 obsecutores
1057 3389 1165 3446 εῖναιτ.
1180 3392 1261 3459 trae]

154 3495 250 3546 copae,
265 3479 411 3544 subiungit:
430 3479 528 3545 Nempe
540 3480 570 3530 ete
582 3481 691 3530 immor·
725 3481 764 3532 lta
784 3477 897 3547 loquitur
915 3478 1069 3545 Theophilus
1093 3481 1122 3528 m
1145 3479 1263 3528 occurrat

154 3545 262 3617 latitate
278 3565 399 3630 perfecto
418 3565 536 3630 loquitor
560 3569 584 3615 et
602 3564 691 3630 quotis
725 3565 861 3616 haereticis
895 3563 970 3614 deum
1001 3567 1141 3613 creatorem
1172 3561 1262 3617 mortis

150 3653 215 3719 port
232 3650 455 3701 resurrectionem
473 3650 513 3698 est
527 3648 632 3714 fotura.
663 3647 691 3698 Sl
727 3653 855 3700 auctorem
881 3661 938 3698 esse
957 3645 1120 3711 lingentibus.
1157 3645 1264 3697 [licebat

154 3734 182 3785 in
200 3734 265 3785 hanc
290 3734 441 3785 seutentiam
467 3733 544 3783 totius
571 3734 692 3784 orationis
728 3734 794 3784 enirn
829 3732 994 3792 Valentinus,
1028 3733 1096 3780 teste
1128 3728 1262 3780 Clemente

156 3820 239 3871 series
257 3822 387 3882 vertatur,
412 3816 474 3868 nihil
500 3817 549 3867 erit
568 3817 634 3883 quod
653 3819 693 3868 rel
728 3817 803 3868 Alex.
823 3815 916 3867 strom.
935 3814 978 3865 lV.
996 3829 1022 3880 p.
1043 3812 1093 3865 509
1120 3812 1154 3880 [c.
1173 3811 1215 3862 31.
1234 3809 1261 3877 §.

152 3903 272 3955 minimae
288 3905 342 3954 recl
357 3904 407 3952 uim
422 3901 520 3951 inferre
535 3901 628 3952 iubeat.
656 3904 693 3954 lta
727 3899 788 3966 91],
813 3900 943 3952 θανάτου
963 3899 1069 3965 γένεσιν
1088 3896 1166 3965 ἔργον
1188 3891 1261 3948 εἶναι

155 3985 189 4040 ot
208 3987 379 4047 πλείονες
400 3983 491 4053 [ο.19]
511 3984 693 4051 degentilibus
727 3989 781 4040 coci
806 3987 952 4047 κτίσαντος
977 3981 1027 4038 τὸν
1051 3979 1167 4049 κόσμοι.
1202 3979 1262 4030 Non

154 4071 300 4142 doctoribus
326 4087 377 4124 uon
396 4071 566 4136 accipientur:
590 4073 693 4137 quossi
727 4077 812 4127 temen
841 4069 959 4124 dicebant
985 4070 1108 4122 haeretici
1133 4064 1261 4117 homiaem

155 4157 275 4224 petiisset
294 4155 460 4226 Theophilus,
479 4155 636 4209 iudicionen
650 4171 693 4209 ca·
727 4158 888 4210 innocentem
914 4158 990 4210 morti
1018 4154 1143 4206 addictum
1164 4149 1261 4216 luisse,

1007 4251 1053 4311 9*
