2836 4852
447 265 503 324 Al)
525 260 765 326 AUTOLYCUM
785 263 862 325 LlB.
884 265 907 324 1.
1211 264 1232 328 5

121 448 169 493 me
192 433 388 493 sermonibus
410 435 553 494 inanibus
577 429 728 495 obtudisti
750 436 915 495 venditans
944 436 1021 494 deos
1051 437 1122 495 tuos
1145 435 1230 512 lapi-

121 542 199 600 deos
228 543 260 599 et
282 542 423 618 ligneos,
454 544 565 603 ductos
588 546 621 602 et
646 543 753 619 susos,
784 544 873 603 lietos
897 547 929 603 et
952 544 1068 620 pictos,
1100 544 1153 623 qai
1173 561 1230 605 nee

119 649 225 710 vident
257 669 314 710 nee
343 651 473 712 audiunt
504 656 587 722 (sunt
614 653 693 711 enim
724 650 888 712 simulacro
917 660 947 713 et
972 670 1067 730 opera
1091 671 1230 712 monerem

119 757 303 836 hominem),
332 775 441 834 meque
472 763 640 836 praeterea
664 757 870 821 Christianum
901 761 979 820 diois
1003 760 1094 836 quasi
1115 759 1229 820 malum

119 883 230 927 nomen
264 868 434 928 ferentem:
468 871 610 944 equidem
642 870 793 930 confiteor
828 887 875 930 me
906 887 979 929 esse
1011 867 1230 945 Christianum,

120 979 153 1034 et
169 979 294 1052 gratum
317 977 378 1037 hoo
398 979 460 1036 deo
482 995 591 1037 nomen
612 977 682 1036 fero
705 995 838 1054 sperans
862 995 910 1037 me
935 977 1042 1037 utilem
1063 994 1135 1037 esse
1159 978 1228 1038 deo.

119 1083 188 1144 Non
216 1086 296 1144 enim
326 1088 360 1145 ut
388 1091 421 1145 tu
452 1087 629 1163 existimas,
661 1088 825 1161 molestum
854 1103 927 1146 esse
950 1103 1060 1146 nomen
1084 1088 1152 1163 dei,
1183 1088 1227 1146 ita

119 1210 154 1252 se
177 1211 230 1252 res
252 1194 364 1269 habet;
394 1197 452 1254 sed
481 1195 636 1270 fortasse,
667 1195 739 1268 quia
770 1193 869 1255 adhue
898 1198 931 1256 tn
956 1197 1074 1256 inutilis
1097 1213 1132 1256 es
1156 1196 1227 1272 deo,

118 1300 235 1362 ideireo
261 1304 301 1362 de
324 1305 383 1363 deo
405 1305 447 1362 ita
471 1306 579 1363 sentis.

205 1414 233 1470 2.
257 1411 319 1471 Sed
343 1413 436 1470 etiarn
461 1413 488 1470 si
511 1414 598 1472 dieas
622 1413 779 1486 „Ostende
802 1413 876 1471 mihi
899 1415 990 1472 deum
1013 1412 1135 1483 tuum“‚
1165 1428 1226 1487 ego

116 1518 184 1576 tibi·
200 1516 298 1577 dicam
323 1519 478 1593 „Ostende
504 1519 578 1578 mihi
608 1519 763 1578 hominem
786 1522 869 1579 tuum
899 1524 932 1579 et
955 1538 1014 1597 ego
1038 1519 1095 1578 tihi
1117 1522 1226 1579 osten·

117 1699 233 1750 Usilatus
254 1703 293 1750 est
311 1699 375 1766 apud
395 1702 494 1750 ueteres
511 1703 596 1764 patres
611 1715 654 1751 vo·
690 1716 701 1750 e
721 1706 865 1752 correctore
883 1699 1016 1752 adiectum.
1055 1699 1152 1752 Deinde
1175 1693 1225 1752 οὕ-

116 1799 174 1835 cum
190 1785 305 1851 χριστοῦ
329 1786 355 1850 (a
373 1784 460 1851 χρίειν
479 1799 499 1835 c.
519 1783 552 1836 12
571 1786 654 1853 ibique
690 1805 744 1847 τως
762 1787 824 1838 Ven.
844 1787 882 1852 (ln
901 1799 950 1853 quo
970 1788 1114 1849 corrector,
1139 1789 1167 1837 ol
1185 1801 1225 1838 as-

116 1884 142 1919 n.
158 1869 187 1935 1)
206 1872 232 1921 et
243 1871 365 1937 χρηστοῦ
383 1871 461 1934 lusos,
481 1871 551 1920 cuius
568 1859 653 1922 ansam
688 1872 769 1934 solet,
789 1890 802 1932 ς
822 1873 911 1939 erasit)
930 1870 1075 1938 suppeditat
1092 1885 1138 1938 pro
1157 1871 1224 1938 vulp.

117 1955 166 2020 ipsi
188 1956 297 2022 gentiles
314 1955 448 2006 dederunt.
474 1954 580 2007 Tertull.
596 1955 613 2005 l.
630 1971 652 2006 e.
689 1949 773 2009 niem.

117 2056 139 2090 c.
164 2039 194 2092 3:
227 2041 412 2106 „Chrestianus
439 2039 653 2107 pronuntiatura
756 2041 779 2092 1.
811 2037 913 2104 Δεῖξόν
930 2056 979 2104 μοι
1003 2037 1053 2092 τὸν
1071 2037 1142 2093 θεόν
1160 2039 1224 2107 σου]

117 2124 218 2176 votis.“
252 2125 366 2176 lactant.
385 2125 480 2177 lostitt.
500 2123 547 2175 div.
568 2123 610 2173 lV.
631 2139 652 2174 e.
688 2125 742 2176 Hoc
756 2125 909 2192 Theophilus
930 2139 979 2176 non
995 2123 1151 2177 coniiciendo
1165 2141 1222 2176 sns-

118 2209 149 2260 7:
175 2209 327 2275 „lmmutata
351 2209 437 2260 littera
456 2208 590 2260 chrestum
609 2221 652 2259 eo·
686 2209 786 2275 pientur
812 2210 965 2274 Autolycum
992 2209 1118 2262 dicturum
1150 2223 1224 2274 esse;

116 2294 171 2345 lent
188 2292 304 2347 dicere.“
339 2293 380 2346 Ad
403 2294 470 2345 hunc
495 2293 576 2345 lecum
594 2292 652 2359 tege
686 2291 732 2345 sed
750 2309 839 2346 revera
865 2293 890 2345 ld
909 2294 1024 2355 dixerat,
1049 2299 1079 2344 ut
1097 2308 1129 2345 ex
1148 2310 1170 2345 e.
1190 2292 1223 2345 14

117 2377 276 2429 Bdnemanni
295 2376 425 2438 adnotatu
447 2376 509 2429 adde
524 2379 652 2446 interpre-
686 2379 801 2444 putescit.
827 2377 902 2446 Apud
917 2380 1097 2444 Augustinum,
1113 2383 1141 2429 ut
1153 2379 1223 2431 Kor-

116 2465 156 2513 tes
175 2461 205 2513 ad
224 2462 303 2514 Taciti
323 2462 414 2514 Anntl.
429 2463 482 2514 llll.
502 2479 523 2519 e.
537 2460 580 2515 44.
608 2463 652 2514 ait
686 2463 782 2515 tholtus
801 2463 905 2528 notarit,
923 2462 961 2514 De
980 2461 1094 2529 synrbolo
1107 2462 1153 2514 lll.
1172 2461 1222 2515 ed

115 2546 230 2599 lustinus
258 2547 333 2613 Apol.
360 2547 382 2598 l.
411 2563 432 2598 c.
457 2547 487 2598 4:
518 2549 651 2612 Χριστια-
687 2545 748 2599 dicit
765 2561 891 2612 paganus:
918 2543 1051 2611 „Ostende
1070 2545 1223 2613 mihiquem

115 2629 161 2684 vni
180 2625 232 2698 peip
252 2627 323 2685 εἶναι
341 2628 592 2698 κατηγορούμεθα·
620 2628 652 2683 τὸ
687 2630 777 2684 colis.“
813 2629 855 2681 Sic
882 2642 983 2696 quoque
1007 2629 1132 2681 caecilius
1158 2628 1224 2695 apud

114 2713 147 2769 δὲ
165 2714 283 2784 χρηστὸν
307 2720 451 2782 μισεῖσθαι
478 2712 511 2769 ori
530 2717 651 2768 δίκαιον.
687 2714 825 2766 ltlinucium
852 2713 965 2765 Felicem
994 2713 1145 2765 Christianis
1176 2728 1221 2764 ex·

115 2803 205 2871 Gomp.
218 2818 281 2870 qrrae
296 2804 330 2856 ihi
344 2805 437 2856 notavi.
465 2804 652 2870 Insupergen-
686 2799 789 2866 probral
816 2797 882 2866 quod
910 2799 984 2851 deum
1012 2798 1114 2861 colant,
1148 2812 1222 2867 quem

114 2888 175 2939 tiles
194 2887 352 2940 tlhristianos
378 2894 406 2940 ul
429 2889 544 2940 homines
564 2883 652 2955 ἀχρή-
686 2901 733 2936 nec
752 2884 887 2937 ostendere
906 2886 1005 2952 possint
1023 2900 1070 2937 nec
1088 2885 1185 2938 ridere.

116 2988 201 3032 eroon
215 2972 355 3024 calumniati
370 2976 438 3024 sunl.
468 2973 651 3026 HincTertul-
755 2968 780 3020 2.
809 2968 911 3033 Δεῖξόν
928 2987 977 3037 μοι
995 2966 1045 3023 reia
1064 2964 1220 3036 ἄνθρωπόν

114 3058 198 3108 lienus
222 3057 236 3108 l.
256 3073 278 3108 c.
305 3074 327 3109 c.
345 3056 395 3109 422
425 3059 599 3124 „lnlruclnosi
625 3060 650 3110 in
686 3055 750 3123 ooo]
778 3055 918 3107 Hominem
940 3060 1030 3119 torem,
1057 3056 1154 3108 scillcet
1177 3070 1218 3106 ra-

114 3143 224 3208 negoliis
242 3141 379 3196 dicimur.“
416 3143 535 3196 Formula
554 3139 651 3211 εὔχρη-
685 3142 754 3194 tione
780 3140 866 3193 hahita
893 3143 1007 3208 animae,
1038 3141 1220 3193 internum

114 3222 317 3296 στονεῖναιτῷ
331 3229 389 3298 θεῷ
408 3223 650 3298 (ισοιιορρ.ἄχρη-
686 3226 851 3278 hominem.
882 3225 956 3277 Hunc
975 3226 1035 3277 mihi
1053 3225 1169 3288 ostende,
1189 3239 1220 3276 an

114 3328 181 3365 orna
198 3331 219 3366 e.
235 3331 259 3365 r.
272 3314 317 3378 θ.)
337 3313 466 3382 reperitur
484 3314 547 3382 apud
560 3315 650 3366 Herm.
685 3311 742 3362 talis
760 3311 794 3361 sit
817 3309 896 3377 qualis
918 3325 975 3361 esse
993 3309 1078 3374 dehet,
1099 3308 1173 3361 deum
1193 3311 1220 3360 nt

113 3398 184 3450 Post
200 3398 234 3450 ll.
254 3413 275 3449 c.
293 3397 317 3448 5.
560 3451 564 3455 ,
685 3401 760 3462 queat
786 3395 880 3447 videre.
931 3394 1001 3446 lllieo
1032 3395 1112 3447 enim-z
1140 3389 1219 3446 ’End

183 3482 226 3534 11.
254 3482 306 3535 τοῦ
325 3481 408 3548 θεοῦ]
430 3482 544 3534 clausor.
565 3483 651 3534 maluit
684 3481 777 3544 δεῖξον
791 3479 946 3550 βλέποντας
965 3478 1031 3540 τούς
1050 3474 1218 3546 dpeetpodc

114 3569 209 3631 τοῦτο,
223 3567 332 3619 reddens
343 3567 550 3620 rcomeoillod.
571 3569 650 3620 Recte
684 3569 746 3633 τῆς
770 3565 888 3632 ψυχῆς
915 3579 977 3616 ooo
996 3566 1057 3616 ἰιτλ-
1087 3551 1218 3632 Ὅταιιῇ

114 3654 251 3719 Maranus:
272 3652 428 3719 „Postquam
445 3651 508 3703 dixit
522 3654 649 3721 Theophi-
685 3647 842 3718 cleopater
856 3650 920 3716 (nee
939 3647 1055 3716 καθαροὶ
1072 3647 1164 3719 ψυχή)
1182 3646 1218 3702 ἐν

112 3737 153 3789 lus
179 3737 342 3789 christianum
368 3751 460 3788 nomen
485 3735 532 3788 deo
552 3742 649 3804 gratum
684 3738 729 3804 τῷ
764 3733 957 3806 ἀνθρώπῳ,
990 3731 1025 3789 ου’
1052 3732 1173 3791 δύναται
1199 3731 1215 3788 ὁ

113 3836 189 3888 esse,
212 3820 270 3874 inde
290 3821 446 3873 occasionem
466 3823 542 3872 sumit
560 3821 591 3873 de
609 3824 648 3889 ip·
683 3823 814 3882 τοιοῦτος
842 3814 995 3888 ἄνθρωπος
1021 3823 1140 3896 θεωρεῖν
1167 3818 1217 3873 τόν

112 3906 168 3958 sius
192 3905 232 3958 dei
258 3906 359 3958 nomine
385 3920 414 3956 ac
438 3903 469 3955 de
488 3904 543 3955 eins
562 3910 650 3958 nature
682 3905 760 3960 θεόν.
797 3907 898 3970 Δεῖξον
921 3897 973 3959 oria
992 3905 1091 3960 ueloci
1111 3922 1215 3959 σεαυ-

112 4003 212 4042 omnem
231 3990 426 4055 intelligentiam
445 3993 581 4056 superante
597 3990 648 4040 dis·
683 3987 753 4044 τόν.
782 3992 821 4043 cl.
839 3990 958 4047 Neander
975 3993 1044 4058 Altp.
1062 3991 1217 4043 Geschichte

111 4074 247 4128 serendi.“
684 4078 709 4127 d.
720 4076 821 4128 christi.
833 4076 891 4128 ltel.
903 4092 929 4126 ιι.
940 4077 1040 4128 Kirche
1055 4075 1083 4128 T.
1097 4074 1109 4125 l
1126 4071 1216 4139 (edd)

182 4159 223 4212 12.
243 4159 318 4228 περὶ]
339 4158 649 4223 lolemomissnmsed
683 4175 708 4225 p.
726 4157 785 4212 sot.
823 4160 958 4212 Caeterum
986 4159 1072 4212 eadem
1098 4156 1217 4225 loquendi
