2836 4852
205 316 257 366 xx
565 290 955 366 monsoonmss.

204 481 367 573 plitn
395 479 761 571 Schclgvigins,
793 480 1010 570 priusquam
1042 475 1331 566 professionem

205 608 245 676 in
274 605 468 698 amasio
500 603 712 676 licdanensi
742 605 925 696 suscepit,
958 602 1089 691 operis
1125 601 1331 696 'l'hcophi-

206 731 295 800 liani
321 730 518 801 editionem
541 733 743 822 mnsam,
766 731 806 798 in
829 730 964 799 itincre
985 725 1138 816 anglico
1164 749 1199 798 a.
1222 733 1330 806 1708

207 854 380 925 contulit:
404 855 478 946 qni,
502 877 611 943 quum
633 864 803 945 coeptam
825 855 1024 923 editionem
1049 855 1167 924 multa
1191 877 1329 928 mune—

207 981 262 1048 ris
285 979 527 1067 occupatione
551 981 734 1050 distentus
759 980 960 1048 absolvere
984 998 1060 1047 uon
1084 990 1225 1073 posset,
1251 1005 1328 1054 va-

207 1103 348 1172 riantes
374 1104 555 1173 lectiones
578 1125 660 1174 cum
684 1102 875 1172 Wolfio
901 1103 1018 1171 amice
1041 1107 1332 1179 communicavit

208 1233 251 1296 nt
271 1247 392 1298 novae
414 1228 569 1298 editioni
593 1229 643 1297 ab
667 1249 713 1298 eo
736 1229 928 1317 parandae
948 1227 1184 1298 imervirent.
1226 1232 1329 1304 Per-

208 1371 346 1442 pancas
366 1361 505 1423 mutum
533 1353 675 1422 omisit:
699 1373 792 1441 quas
814 1351 998 1442 supplevi.

310 1477 371 1547 111.
410 1477 535 1547 Codes
571 1476 767 1548 Poeisim
798 1476 1189 1565 Dcccnxxxffl,
1233 1480 1327 1552 olim

208 1602 284 1674 8⁰8
309 1612 442 1692 postea
468 1605 584 1694 1827,
608 1603 763 1672 Parisiis
790 1605 830 1672 in
855 1603 1089 1672 Bibliotheca
1113 1601 1327 1691 Imperato-

208 1726 267 1796 ria
290 1729 506 1820 custoditus,
533 1750 581 1799 ex
604 1747 757 1798 numero
781 1728 1160 1797 Fontehlandensium
1182 1727 1328 1819 (Regia

210 1851 305 1920 enim
337 1851 569 1921 Bibliotheca
598 1853 865 1921 less-1595
896 1853 936 1920 in
970 1871 1059 1920 arce
1088 1852 1325 1923 Fonteblan-

210 1974 315 2042 (lensi
343 1975 651 2068 asservabatur),
680 1977 918 2069 chartaceus,
943 1998 990 2045 ex
1013 1978 1164 2066 vulgari
1192 1978 1327 2050 charta

210 2097 420 2169 saec.le
449 2101 601 2194 usitata,
636 2101 788 2170 infolio
812 2121 965 2192 magno,
1000 2102 1176 2172 loliorum
1204 2103 1326 2194 (223)
1408 2127 1409 2130 ¹

210 2222 305 2316 218,
331 2244 428 2295 anno
454 2226 556 2295 1540
587 2227 728 2317 (primo
756 2228 946 2296 dumtaxat
972 2225 1064 2295 lolio
1090 2229 1273 2318 excepto)
1303 2251 1328 2300 a

211 2346 539 2420 Constantino
574 2350 952 2443 Palaeocappa,
993 2371 1133 2440 graeco
1164 2351 1326 2447 homine,

210 2473 463 2547 monachicum
486 2474 728 2546 Pachomii
755 2496 886 2546 nomen
909 2475 1068 2568 ferente,
1092 2477 1195 2547 cuius
1220 2497 1326 2547 com-

209 2598 338 2689 plures
363 2602 474 2673 hodie
508 2603 596 2672 libri
629 2602 713 2671 msti
749 2608 897 2672 exstant
931 2598 1047 2691 (Opp.
1072 2598 1257 2690 Athenag.
1280 2624 1328 2671 :a

210 2721 321 2815 Gorp.
346 2729 469 2819 Apoll
495 2728 577 2796 Vol.
598 2725 677 2796 vll
703 2726 816 2795 Proll.
841 2746 877 2814 p.
898 2725 1038 2818 XXIV,
1063 2728 1146 2795 coll.
1171 2725 1325 2797 Monte-

209 2847 344 2919 falcon.
382 2852 576 2940 Palaeogr.
614 2871 669 2940 gr.
704 2871 739 2940 p.
773 2850 889 2943 105),
929 2851 1063 2941 mucii
1096 2851 1325 2945 charactere,

210 2978 473 3061 secundatione
504 2983 544 3045 nt
582 2974 726 3044 librarii
766 2976 893 3065 graeci
933 2979 1088 3068 vocant,
1131 2979 1326 3066 eleganter

211 3104 397 3194 exaratus,
423 3101 614 3171 undecimo
637 3103 720 3169 loco
744 3099 807 3168 tol.
827 3095 1043 3170 422--11211
1069 3099 1326 3191 Theophili

210 3222 344 3295 librum
369 3226 563 3297 tertium
588 3228 637 3296 acl
665 3227 889 3318 Autolycum
918 3227 1084 3324 praebet.
1125 3225 1205 3294 Hoc
1228 3226 1326 3296 enim

212 3349 338 3420 codice
372 3353 623 3423 continentur:
661 3350 706 3421 1⁰.
739 3355 900 3442 Θεώρημα
927 3356 987 3419 τοῦ
1013 3357 1111 3419 θείου
1138 3355 1327 3437 μαξίμου

211 3471 362 3546 fol.1·:
387 3482 673 3570 repraesentans
699 3473 857 3566 figuram
882 3475 1101 3544 circularem
1121 3474 1326 3566 mysticam,

212 3598 291 3671 sive
317 3603 474 3675 circulos
498 3611 576 3674 tres
599 3621 684 3672 sese
708 3607 832 3670 mutuo
854 3606 1024 3670 secantes
1049 3606 1086 3670 et
1108 3620 1220 3669 unum
1240 3600 1328 3668 illos

211 3725 578 3821 circumplectentem,
605 3748 685 3798 cnm
710 3724 1011 3816 inscriptionibus
1038 3725 1214 3794 trinitatis
1239 3745 1327 3816 my·

210 3852 360 3923 sterium
388 3853 665 3946 explicantibus.
718 3853 767 3920 2⁰.
793 3849 1123 3922 Hexastichon
1152 3848 1327 3918 iambi-

211 3998 305 4050 cum
332 3977 394 4049 sol.
421 3975 481 4050 tl:
516 3983 697 4066 quatenus
728 3976 777 4043 ad
801 3977 909 4046 deum
938 3976 1122 4066 pertineat
1143 3978 1181 4042 w*
1203 3974 1327 4060 διττόν,

210 4105 247 4174 ci
267 4107 407 4194 epacte,
429 4104 555 4190 τετράς,
577 4104 711 4187 πεντάς,
734 4102 820 4190 ἑξὰς,
843 4103 954 4180 innoc.
999 4100 1047 4170 3⁰.
1078 4095 1329 4168 Anastasii

213 4228 494 4304 Antiochenl
520 4231 558 4298 et
582 4223 755 4319 Gyrilli
784 4225 1104 4295 Alexandrini
1132 4219 1327 4312 Expositio
