2836 4852
457 274 515 336 Ala
538 273 784 338 sorellum
804 273 882 337 Lm.
899 273 955 337 111.
1203 272 1265 341 193

154 444 218 504 lem
238 443 464 520 postmortem
486 449 686 523 aooepturum
715 462 751 507 se
779 446 955 507 mercedem
974 446 1142 534 sperans?
1172 446 1265 516 'Quid

154 552 319 612 Platonem
336 554 420 614 iuvit
443 555 586 614 instituio
612 550 651 615 ab
675 571 715 615 eo
736 554 919 634 disciplina,
948 557 1001 613 aut
1025 554 1100 629 quid
1122 556 1264 632 reliques

154 660 381 739 philosophos,
412 679 451 722 ne
473 669 618 740 magnum
640 680 747 725 eorum
776 675 935 724 numerum
964 678 1163 740 recenseam,
1192 667 1265 742 opi·
1373 678 1387 703 ⁴

154 770 267 829 oiooes
299 772 400 830 suaet
451 771 536 831 Haeo
554 775 666 832 *autem
696 774 825 832 didimus
855 775 890 832 ut
922 787 1030 834 eorum
1061 773 1205 834 inutilem
1232 777 1264 854 et

154 879 279 955 impiam
302 881 394 939 animi
416 881 603 940 senteutiam
626 883 838 942 ostendamus.
922 915 925 922 -

242 991 274 1049 3.
305 988 344 1047 Hi
366 989 445 1047 enim
474 1005 582 1049 omues
614 1007 713 1050 vanae
738 993 770 1051 et
797 989 898 1049 inanis
927 988 1052 1066 gloriae
1080 991 1186 1066 eupidi
1208 1007 1266 1051 nee

150 1111 263 1156 ¹nerum
291 1096 353 1172 ipsi
377 1097 524 1157 viderunt
546 1114 604 1157 noo
623 1099 769 1176 proiecto
789 1099 870 1159 alios
892 1099 933 1158 ad
953 1099 1120 1157 veritatem
1143 1099 1266 1165 exeita-

155 1208 237 1264 runt.
284 1203 477 1265 Iltenim‘ex
504 1207 569 1265 suis
599 1209 739 1284 ipsorum
769 1208 862 1267 dietis
893 1214 1090 1284 arguuntur,·
1113 1198 1266 1283 quatenus

99 1328 101 1331 ·
144 1315 328 1391 ⁴pugnantia
349 1315 445 1376 loeuti
468 1318 556 1392 suot,
581 1334 617 1378 ao
639 1335 696 1377 sua
712 1318 860 1393 ipsorum
882 1316 1012 1375 decreta
1033 1316 1177 1392 plerique
1198 1318 1266 1377 dia·

155 1423 334 1498 solverunt3
365 1439 426 1482 non
450 1425 531 1483 enim
554 1441 627 1483 sese
655 1426 788 1484 invioem
811 1425 913 1484 solum
934 1426 1097 1498 evertunt,
1127 1424 1185 1484 sed
1207 1425 1267 1484 iam

154 1530 297 1588 nonnulli
321 1547 380 1590 sua
408 1532 549 1607 ipsorum
573 1533 701 1592 decreta
724 1534 816 1593 irrita
843 1533 1002 1608 fecerunt,
1031 1532 1075 1591 ita
1103 1534 1267 1593 uteorum

153 1639 258 1714 gloria
279 1639 310 1697 in
331 1640 530 1716 ignominiam
551 1630 584 1698 'ot
604 1638 766 1700 stultitiam
787 1638 944 1700 evaserit:
967 1657 1037 1700 nam
1058 1642 1264 1700 condemnan-

154 1749 207 1806 tur
237 1747 277 1805 ala
302 1745 480 1808 hominibus
512 1749 722 1826 intelligentia
745 1751 910 1827 praeditis.
954 1749 1016 1808 Vel
1040 1751 1120 1809 enim
1143 1752 1183 1810 de
1207 1751 1267 1810 diis

154 1856 254 1916 locuti
283 1860 373 1935 sunt,
403 1859 467 1935 ipsi
496 1874 574 1917 vero
596 1862 709 1935 postea
732 1860 850 1920 nullum
872 1874 946 1919 esse
968 1859 1061 1919 deum
1077 1861 1268 1935 densarunt,

156 1964 209 2023 vol
231 1966 258 2023 si
281 1967 374 2025 etiam
406 1967 446 2024 de
475 1968 579 2026 mundi
607 1969 751 2044 origine,
778 1970 941 2044 postremo
963 1977 1029 2026 ‘sua
1060 1971 1174 2045 sponte
1198 1968 1268 2028 orta

156 2089 228 2133 esse
252 2075 354 2134 omnia
379 2076 567 2152 docueruut,
589 2077 681 2136 immo
703 2077 797 2135 etiam
820 2077 860 2135 de
880 2076 1081 2151 providentia
1102 2077 1268 2152 disputau-

156 2182 205 2241 tes
227 2199 337 2242 rursus
359 2185 502 2243 muudum
524 2185 610 2245 nulla
629 2185 831 2262 providentia
848 2185 917 2261 regi
936 2185 1154 2245 decreverunt.
1189 2181 1268 2253 Quid

114 2274 116 2277 ’
155 2291 261 2350 vorot
306 2291 417 2352 Annon
447 2294 539 2352 etiam
567 2295 607 2354 de
629 2311 748 2354 morum
771 2293 938 2352 honestate
959 2294 1101 2353 seribere
1123 2293 1270 2370 aggressi

154 2400 275 2477 flagitia
306 2404 338 2460 et
366 2404 477 2478 stupra
509 2405 541 2461 et
572 2403 727 2463 adulteria
760 2404 889 2478 patrare
907 2402 1118 2477 docuerunt,¹
1139 2402 1269 2477 insuper

156 2525 234 2568 vero
258 2511 351 2570 etiam
382 2512 568 2570 detestanda
594 2513 626 2569 et
653 2509 788 2569 notanda
814 2509 938 2569 seelera
960 2511 1176 2569 induxerunti
1222 2507 1268 2568 Ao

155 2730 235 2798 Nam,
261 2737 290 2785 ιιι
308 2736 343 2788 ιιι
361 2734 521 2804 chrysippus
548 2734 614 2801 apud
633 2733 693 2784 Plu·
730 2731 785 2784 dam
812 2731 946 2784 masculam
966 2732 1091 2783 Venerem
1116 2727 1267 2779 introduxe-
1369 2754 1372 2757 ,

154 2817 236 2870 ιιιιιι.
254 2817 298 2869 ιιι.
310 2818 343 2871 do
355 2834 464 2887 repugn.
479 2820 557 2871 Stolo.
573 2835 597 2886 p.
611 2817 694 2870 1⁰50:
727 2818 819 2870 rool.“
836 2816 898 2869 lnda
911 2817 974 2868 liuc.
988 2819 1015 2868 et
1026 2815 1093 2868 lior.
1106 2813 1145 2878 (ia
1159 2814 1267 2880 marm:

155 2901 239 2967 „Gom
258 2907 347 2955 nature
372 2906 511 2955 eommunis
532 2905 613 2955 omnis
634 2917 694 2970 per·
730 2901 798 2962 ἴσως
830 2897 1053 2968 οέῥρινοκοιτίας.
1100 2897 1170 2951 Idem
1201 2896 1267 2949 Feli.

156 2992 239 3053 meat,
266 3003 373 3040 necesse
400 2993 440 3055 eet
467 2987 588 3056 quidquid
611 2987 642 3039 fia
667 2989 694 3039 iu
729 2987 838 3040 coniecit
855 2985 999 3052 legendum.
1035 2982 1087 3035 Sed
1107 2981 1209 3032 minime
1228 2983 1268 3032 est

155 3073 254 3124 ratione
272 3076 299 3124 et
317 3087 475 3140 quacumque
494 3075 548 3125 eius
562 3076 636 3140 paria
651 3087 694 3125 se·
729 3087 793 3140 opos
811 3072 841 3124 ab
860 3071 902 3122 illa
915 3070 987 3122 codd.
1004 3073 1128 3121 maiorum
1141 3080 1202 3118 voce
1218 3060 1270 3130 ἆῤ-

154 3155 266 3207 eundum
287 3156 355 3208 illam
375 3155 462 3208 lieri-⁸⁶
497 3156 570 3209 Unde
589 3157 692 3210 Plutar·
729 3154 898 3226 ῥητοποιΐας
920 3154 1043 3207 recedere
1066 3152 1145 3220 proba
1163 3155 1190 3202 et
1208 3165 1268 3214 sana

155 3240 217 3292 alius
241 3240 277 3292 sio
298 3241 469 3308 Chrysippum
495 3241 587 3295 ibidem
605 3242 693 3308 exagi—
728 3242 844 3310 (Suid.):
879 3240 1027 3308 sesualdum
1042 3236 1165 3306 ‘sociatus
1190 3235 1216 3286 ιι.
1245 3248 1268 3285 a.

153 3326 208 3376 tat:
238 3325 392 3389 ‚,llorum‚“
418 3329 436 3379 i.
462 3342 485 3378 e.
511 3326 693 3380 adulteriorum
729 3330 799 3397 quod
813 3328 938 3380 obscoene
948 3327 1135 3392 perpetratam
1147 3324 1196 3372 est.
1217 3319 1269 3372 sia

153 3409 280 3461 lariorum
293 3410 495 3478 parricidiorum,
514 3412 598 3475 „nihil
611 3413 692 3477 clary-
729 3412 812 3480 paullo
825 3415 898 3478 posi:
917 3405 967 3462 ded
984 3402 1127 3473 στόματος
1144 3399 1268 3472 dodyvoo

155 3478 462 3564 sippusu'equeparvum
480 3510 563 3563 neque
577 3511 692 3562 magnum
730 3492 938 3565 ἆῤῥητοποιιῖν.
958 3492 1060 3544 Pariter
1077 3486 1268 3557 ἅόρητοποιὸς

154 3574 213 3629 flori
238 3582 325 3630 censat
344 3584 448 3647 praeler
467 3580 534 3631 lovis
560 3581 694 3644 rationem,
730 3586 770 3634 eol
787 3579 907 3648 nefando
931 3577 957 3627 h.
977 3588 999 3625 e.
1022 3574 1153 3649 olseoeoo
1168 3589 1267 3643 perpe-

156 3661 255 3727 legem,
279 3662 417 3725 iustitiam,
442 3662 642 3730 providentiam:
667 3667 695 3714 ιιι
729 3669 815 3718 ireos.
850 3662 963 3714 lustinus
982 3658 1096 3724 Apoll.
1118 3673 1140 3711 c.
1160 3658 1195 3711 27
1212 3675 1267 3733 nie-

153 3745 204 3798 lam
221 3760 273 3798 noa
289 3751 395 3814 praeiet
413 3747 497 3812 legem
516 3745 693 3813 fianldehia,
729 3753 811 3802 morai
844 3738 1033 3811 daaaapdvov
1065 3741 1113 3796 και
1144 3740 1266 3812 ἆρῤητο·

154 3843 207 3883 uon
233 3835 321 3883 eontra
346 3831 468 3884 iustitiam
494 3831 615 3894 iniuriae,
641 3846 693 3884 noo
728 3834 820 3886 ποιῶν
843 3831 964 3899 πλῆθος.
1002 3827 1129 3893 Origenes
1155 3846 1177 3881 e.
1197 3829 1266 3881 cels.

154 3918 244 3967 eontra
265 3914 449 3982 providentiam
475 3914 599 3980 flagitia.“
632 3914 693 3967 Mo·
728 3919 771 3973 lV.
788 3933 813 3985 p.
825 3915 891 3970 aod:
911 3910 1124 3984 dddproaeoaoaia
1138 3910 1190 3966 eain
1203 3911 1265 3964 ἴσα-

153 4013 249 4051 sonos.
727 4019 763 4068 aa,
797 4003 877 4068 Lege.
892 4001 928 4055 ιιι
953 3999 1020 4052 Gall.
1040 3997 1166 4065 sponderi
1190 3999 1264 4049 nutas

197 4081 202 4087 '
225 4083 250 4144 7,
271 4080 487 4150 άριιητοποιΐας]
508 4083 593 4136 claua.
607 4083 692 4137 raddi-
727 4103 753 4156 p.
766 4086 810 4153 59,
829 4087 872 4155 qui
889 4100 941 4140 noa
958 4099 1035 4138 unum
1046 4077 1194 4134 huiusmodi
1213 4074 1264 4149 aid-

153 4167 204 4221 dii:
230 4168 280 4236 „ad
305 4170 367 4221 lares
385 4181 487 4221 exosam
512 4173 539 4222 ot
563 4162 691 4224 detestan-
727 4171 895 4243 §pronesiae
919 4185 1000 4239 genus
1018 4167 1097 4223 luiso
1115 4179 1148 4219 ax
1165 4167 1262 4235 ῐθῑθιῑ·

198 4259 278 4330 corp.
298 4258 382 4327 Apoll.
404 4260 459 4315 Vol.
478 4260 548 4316 lllll.
1013 4266 1052 4322 13
