2836 4852
265 248 642 313 campumbonum
662 247 706 310 IN
726 246 966 311 avanulum
989 247 1067 311 LIB.
1088 249 1142 314 IV.
1193 249 1256 316 319

153 422 230 484 Nam
251 439 312 501 per
330 423 456 502 nuptias
477 423 723 483 coniunctionem
745 419 862 481 Christi
884 421 917 479 et
937 421 1100 499 ecclesiae,
1124 422 1185 485 hoc
1207 428 1257 486 est

154 534 273 594 veteris
305 536 339 593 et
367 534 441 592 novi
470 530 647 592 testamenti
678 532 894 607 traditionem,
924 530 1072 592 debemus
1101 535 1256 614 accipere,

153 661 213 721 per
233 650 355 722 septem
381 646 484 702 autem
510 640 637 724 dpdrias
665 639 806 721 lapideas
836 642 956 716 septem
985 641 1136 702 ecclesias
1160 661 1257 722 super

153 755 276 832 petram
298 752 462 827 fundatas,
482 771 562 831 aqua
581 749 706 831 pbnus,
735 752 767 811 id
790 751 840 809 est
862 749 1058 825 baptismatis
1079 753 1181 827 gratia
1201 770 1256 814 re·

154 864 268 940 pletas.
313 861 401 930 Quod
422 864 525 920 autem
548 863 623 921 dicit
649 861 807 938 scriptura
834 860 988 939 capientes
1009 867 1150 921 metretas
1171 862 1256 924 binas

156 970 338 1040 aelternas,
369 972 460 1031 binae
483 988 538 1030 eos
561 971 737 1048 significant
762 971 816 1047 qui
834 969 1036 1029 matrimoniis
1064 971 1257 1049 coniungun-

155 1085 223 1159 tur,
253 1083 337 1158 quod
366 1097 443 1140 vero
472 1082 580 1140 ternas
609 1081 701 1158 dicit,
729 1097 785 1140 eos
808 1081 1001 1140 demonstrat
1027 1081 1079 1155 qui
1106 1078 1257 1142 trinitatis

155 1194 272 1252 virtute
292 1191 452 1267 spiritales
473 1190 577 1250 effecti
596 1191 678 1250 sunt.
721 1187 958 1250 Arabitriclinas
978 1191 1081 1250 autem
1100 1189 1205 1250 Moses
1226 1193 1259 1251 et

156 1319 258 1362 novus
287 1320 413 1381 sponsas
436 1299 577 1361 Christus
607 1302 658 1360 est
684 1300 918 1375 intelligendus.
970 1295 1073 1379 Aquas
1101 1300 1133 1358 in
1159 1300 1258 1360 cinam

156 1433 313 1473 conamus
335 1411 489 1488 significat
511 1409 621 1470 fideles
644 1409 832 1486 baptismate
855 1425 997 1469 cruorem
1018 1407 1175 1484 passionis
1199 1426 1258 1486 ap-

156 1522 278 1598 petere.

242 1624 440 1707 ⁶Raspandit
461 1625 617 1687 multaret
638 1624 723 1687 discit
737 1625 810 1686 Non
826 1625 922 1687 habco
937 1627 1039 1687 airam.
1083 1626 1168 1688 Haec
1189 1645 1258 1688 mu-

157 1741 218 1799 lier
239 1737 434 1797 Samaritana
457 1738 536 1816 erat,
560 1753 651 1812 quam
673 1752 731 1812 per
753 1736 883 1816 painqrm
900 1737 981 1798 airas
1004 1737 1137 1813 quinque
1157 1739 1258 1799 libros

156 1849 252 1910 Musis
275 1848 415 1907 dominus
435 1846 584 1906 babuisse
608 1845 771 1922 signifieat.

240 1950 320 2016 'Est
340 1962 440 2015 uatem
461 1952 681 2035 Hierosolymis
702 1955 858 2014 natatoria
877 1955 1009 2034 piscina,
1032 1957 1161 2037 quinque
1179 1977 1259 2037 pcr-

157 2068 233 2128 ticas
261 2064 380 2125 habeas.
431 2065 495 2124 Per
527 2066 661 2141 quinque
691 2064 832 2140 porticus
865 2064 1000 2140 quinque
1033 2066 1134 2126 libros
1161 2067 1259 2146 Mosis

157 2176 329 2254 siguificat,
363 2175 474 2249 quibus
507 2174 643 2250 populus
675 2172 776 2232 lsrael
810 2173 1036 2237 continebatur.
1090 2175 1168 2236 Nam
1200 2195 1259 2256 per

157 2305 266 2366 aquam
295 2283 431 2361 populus
459 2283 600 2343 iudaicus
629 2283 679 2341 est
707 2282 948 2360 intelligendus,
985 2286 1039 2360 qui
1072 2287 1258 2347 adveniente

157 2396 281 2455 domino
303 2394 413 2451 nostro
435 2391 479 2450 ita
502 2391 645 2450 turbatus
666 2392 716 2449 est
735 2392 803 2451 eius
826 2393 961 2452 videndo
982 2396 1150 2472 miracula,
1179 2398 1260 2457 sieut

156 2523 238 2582 aqua
255 2524 315 2584 per
335 2498 479 2582 anpalam
499 2499 692 2560 movebatur.
734 2500 810 2560 ldeo
832 2503 935 2560 autem
960 2503 1001 2561 ad
1023 2505 1137 2563 motum
1158 2521 1259 2580 aquae

156 2633 229 2675 anus
249 2611 417 2673 curabatur
439 2611 511 2687 quia
534 2611 623 2669 unica
645 2613 695 2670 est
716 2610 862 2672 ecclesia.
908 2609 955 2669 Ob
975 2610 1036 2672 buc
1059 2613 1154 2699 etiam
1177 2615 1258 2673 seri-

155 2726 242 2802 ptum
272 2724 321 2781 est
351 2721 433 2797 quod
466 2739 528 2780 nan
558 2720 619 2780 nisi
650 2722 702 2802 qai
733 2718 939 2781 descendisset
971 2720 1151 2792 sanabatur,
1185 2723 1258 2798 quia

156 2829 347 2910 ⁸„superbis
378 2830 455 2890 deus
484 2828 624 2906 resistit,
660 2829 827 2889 humilibus
862 2829 966 2888 autem
1002 2831 1057 2890 dat
1093 2831 1257 2910 gratiam.“

157 2942 246 3011 Quod
275 2955 353 2999 vero
382 2955 451 2998 eum
479 2938 610 3017 tripinta
639 2945 712 2998 octa
740 2957 834 2999 annas
862 2940 895 2998 in
924 2940 1104 3020 infirmitate
1130 2943 1259 3003 iacuisse

157 3051 313 3128 scriptura
335 3049 570 3124 commemorat,
593 3047 750 3109 sciendum
773 3050 823 3107 est
844 3049 1127 3126 quadragenarium
1148 3067 1257 3111 nume·

156 3178 223 3221 rum
243 3159 466 3238 plenitudinem
489 3157 634 3219 conterre
653 3155 806 3235 iustitiae;
827 3176 898 3219 nam
919 3160 1125 3237 quadraginta
1147 3161 1257 3222 diebus

156 3286 195 3331 ac
215 3270 357 3344 noctibus
384 3269 489 3329 Moses
516 3270 549 3327 et
572 3267 679 3328 Helias
708 3270 742 3328 et
764 3267 908 3330 Christus
937 3271 1093 3331 ieiunasse
1122 3289 1258 3334 noscun-

156 3381 224 3456 tnr,
256 3379 399 3455 quoniam
421 3378 460 3437 ab
483 3395 544 3438 uno
567 3380 619 3454 qui
642 3380 720 3440 deus
743 3381 793 3439 est
814 3397 913 3455 usque
934 3381 974 3440 ad
996 3384 1128 3456 quatuor
1150 3383 1258 3444 multi-

95 3481 100 3492 '
155 3489 285 3566 plicatio
307 3488 384 3548 facit
406 3487 529 3564 decem,
552 3490 627 3563 quot
649 3491 721 3548 sunt
741 3493 911 3567 praecepta
934 3489 1094 3567 decalogi:
1125 3493 1178 3568 qui
1199 3493 1258 3552 de·

156 3600 263 3659 narius
292 3612 437 3657 numerus
468 3597 587 3656 veteris
617 3598 793 3658 testamenti
819 3615 877 3676 per
901 3601 1097 3677 evangelium
1119 3603 1257 3676 quadru-

156 3709 316 3785 genarium
347 3722 507 3765 numerum
537 3705 629 3783 facit,
666 3706 706 3766 ad
735 3724 824 3783 quem
850 3708 1055 3788 implendum,
1092 3712 1164 3788 quia
1195 3713 1256 3773 dno

207 3999 234 4053 6.
252 3999 398 4068 Respondit
416 3996 478 4066 ete]
505 3999 636 4066 lerunt,
654 4000 688 4053 17
772 4001 798 4054 8.
815 4003 933 4068 superbis
1013 4001 1129 4072 gratiam]
1158 4001 1208 4055 lae.
1226 4001 1253 4070 l,

156 4086 234 4139 -18.
722 4085 747 4143 6.
776 4086 791 4139 1
811 4086 881 4140 Petr.
900 4088 925 4156 5,
943 4088 967 4141 t.

208 4170 233 4224 7.
252 4170 302 4223 Est
320 4170 381 4238 eto]
401 4170 488 4224 lauru.
503 4168 528 4235 5,
543 4169 570 4224 2.
583 4170 607 4224 4.
622 4170 645 4225 5.
660 4170 685 4226 8.
