2836 4852
453 248 510 308 AD
532 244 777 308 senonicum
803 244 881 308 un.
903 244 957 306 111.
1198 242 1262 310 233

154 418 307 496 originem
338 405 444 479 mundi
478 435 657 497 exponens,
692 389 835 478 narravit
865 418 1018 494 quomodo
1052 417 1202 478 dilnvium
1232 419 1263 476 in

153 531 240 588 terra
262 527 379 589 factum
399 530 451 606 sit,
472 528 564 588 immo
587 529 681 588 etiam
701 544 783 604 qnae
805 524 871 588 cum
895 527 1015 588 diluvio
1039 525 1165 586 inerunt
1187 542 1264 586 oon·

155 637 260 696 iuncta
291 641 446 713 quomodo
477 639 657 713 evenerint,
687 617 749 697 non
770 635 927 714 Pyrrham
954 651 1014 694 nee
1042 633 1264 696 Deucalionem

153 747 213 807 vel,
229 745 409 824 Clymenum
432 747 568 826 fingens,
599 748 653 806 aut
682 762 809 824 campos
840 747 941 805 solum
966 744 1132 804 inundatos
1154 744 1264 823 fuisse,

154 857 188 914 ct
208 856 261 932 qui
280 852 435 938 fugissent
456 858 488 917 in
512 857 668 916 montibus
692 856 780 916 solos
803 856 949 915 servatos
970 852 1080 913 fuisse.

240 1077 290 1134 19.
325 1075 387 1135 Sed
409 1093 511 1152 neque
533 1077 667 1136 alterum
693 1075 843 1137 diluvium
866 1073 965 1133 fuisse
989 1073 1147 1150 declarat,
1170 1074 1262 1133 immo

154 1183 234 1243 dixit
263 1185 397 1244 nullum·
413 1186 547 1262 amplius
577 1186 727 1246 diluvium
756 1200 907 1260 aquarum
937 1184 1051 1244 mundo
1080 1184 1263 1243 eventurum

153 1274 242 1353 esse:
275 1297 530 1370 quemadmodum
558 1312 617 1356 neo
645 1295 750 1354 evenit
778 1309 837 1352 nec
866 1296 1050 1352 eventurum
1080 1295 1140 1350 est.
1185 1291 1263 1353 Octo

153 1406 257 1463 autem
279 1406 401 1464 omnino
420 1404 563 1463 homines
582 1405 614 1462 in
630 1420 704 1464 arca
726 1404 873 1462 servatos
890 1400 992 1461 inisse
1012 1402 1098 1477 dicit,
1118 1417 1156 1459 ea
1173 1418 1263 1477 quam

154 1512 243 1571 iussu
273 1513 326 1571 dei
352 1528 413 1570 nnn
440 1509 629 1586 Deucalion,
658 1512 716 1570 sed
750 1509 913 1586 Noaohus,
944 1510 1032 1570 ouius
1061 1525 1174 1569 nomen
1194 1510 1263 1573 ,he-

155 1620 286 1681 braeum
303 1623 329 1680 si
344 1637 459 1697 graece
482 1619 705 1695 interpreteris.
726 1620 807 1679 idem
830 1623 879 1678 est
902 1636 939 1678 ao
957 1621 1093 1696 requies,
1117 1621 1264 1680 constru-

153 1729 218 1805 xit,
248 1730 505 1804 quemadmodum,
532 1729 564 1786 in
594 1729 658 1788 alio
685 1729 767 1788 libro
790 1729 1073 1789 demonstravimus
1094 1728 1264 1811 Noaohum,

154 1836 331 1899 hominihus
362 1840 447 1899 illius
481 1839 597 1897 aetatis
631 1837 768 1898 futurum
802 1836 950 1899 diluvium
983 1839 1192 1917 nuntiantem,
1223 1841 1264 1900 iis

154 1965 226 2007 esse
255 1949 457 2009 vaticinatum
484 1949 547 2007 sio:
597 1947 719 2017 Venite,
751 1957 842 2007 vocat
870 1967 920 2007 nos
941 1945 1015 2007 deus
1037 1945 1082 2005 od
1101 1951 1264 2026 poenitem-

156 2058 248 2116 tiom:
279 2059 362 2118 unde
384 2056 514 2134 proprie
535 2057 708 2116 Deucalion
729 2058 910 2134 appellatus
936 2062 995 2115 est.
1038 2055 1117 2116 Huic
1138 2056 1264 2118 Noacho

154 2169 222 2225 tres
245 2169 335 2225 crant
358 2167 433 2243 filii,
462 2166 718 2241 quemadmodum
746 2167 938 2230 insecundo
960 2166 1043 2225 libro
1066 2165 1264 2228 demonstra-

129 2275 270 2352 uimus,
301 2292 431 2351 quorum
461 2277 586 2334 nomina
616 2277 689 2334 sunt
717 2274 787 2334 Sem
812 2277 844 2334 et
867 2273 962 2334 Chuni
995 2277 1028 2334 et
1050 2274 1180 2355 laphet,
1211 2280 1264 2354 qui

154 2454 263 2506 nominis
276 2456 439 2508 Δευκαλίων
455 2449 525 2520 (ἀπό
540 2455 591 2508 τοῦ
608 2455 689 2508 δεῦ-
723 2454 807 2523 philus
823 2455 915 2507 librum
934 2455 1071 2508 secondum
1096 2458 1171 2510 huius
1190 2474 1260 2512 com-

154 2557 192 2592 τε
209 2541 347 2608 καλεῖν)
369 2539 428 2593 alibi
446 2541 514 2592 iente
531 2539 627 2592 trustra
646 2554 690 2591 re·
724 2540 896 2601 mentationis.
930 2541 958 2592 ln
977 2554 1007 2593 eo
1026 2542 1093 2592 enim
1113 2542 1147 2609 [c.
1165 2543 1212 2611 30]
1232 2546 1261 2613 §.

154 2625 251 2693 quinas.
290 2626 422 2694 Vapulavit
447 2639 508 2678 vcro
535 2624 690 2692 Theophilus
724 2622 759 2677 44
776 2625 908 2676 historiam
927 2625 996 2678 Noae
1021 2627 1048 2676 in
1072 2626 1219 2679 universum
1239 2632 1265 2681 et
1309 2638 1315 2646 ‘

154 2709 194 2761 oh-
212 2726 266 2763 eam
291 2711 347 2763 Pet.
372 2711 456 2763 Petito
483 2710 534 2775 (Dc
553 2711 690 2762 Annazcni-
726 2711 834 2764 strictim
852 2710 934 2776 tangit
952 2712 978 2762 et
997 2709 1030 2778 [e.
1046 2709 1093 2777 31]
1113 2710 1140 2778 §.
1157 2711 1191 2764 45
1209 2716 1264 2767 tres

153 2795 202 2847 hus
217 2811 243 2863 p.
258 2795 334 2862 337),
354 2797 406 2862 qui,
426 2797 558 2861 postquam
577 2793 691 2850 adductis
726 2795 797 2850 Noae
812 2793 881 2847 filios
898 2795 1042 2847 summatim
1059 2800 1182 2848 memorat
1200 2790 1264 2865 quos

157 2883 271 2932 veterum
294 2880 357 2931 locis
376 2878 488 2930 ostendit
507 2877 620 2930 Graecos
637 2880 692 2932 No·
726 2879 841 2932 hocloco
856 2879 1001 2931 nominatim
1018 2884 1146 2933 recenset.
1176 2881 1263 2950 Atque

154 2966 246 3018 ochum
276 2965 405 3033 appellare
432 2963 629 3029 Deucalionem,
656 2963 692 3015 ita
726 2964 785 3017 hinc
811 2964 860 3016 duc
892 2965 1014 3033 consequi
1043 2965 1105 3018 mihi
1135 2966 1263 3022 videntur.

153 3050 257 3122 pergit:
294 3049 457 3117 „Ridiculum
490 3049 590 3116 quidem
622 3064 692 3102 com·
726 3051 839 3103 Primum
871 3049 988 3117 quidem,
1021 3050 1100 3103 libros
1128 3051 1264 3122 Theophili

154 3141 284 3200 mentum,
315 3151 348 3188 nc
374 3135 454 3188 dicam
482 3133 611 3202 putidum,
644 3149 692 3188 cau
725 3139 786 3197 tres,
807 3150 837 3188 ec
861 3149 910 3203 qna
935 3150 1002 3187 nnnc
1027 3136 1148 3189 hahemus
1168 3138 1264 3191 ,ordina

134 3218 298 3290 'patriarcha
315 3219 358 3272 ille
376 3220 491 3272 homines
509 3217 540 3270 ad
556 3220 691 3286 poeniteo·
726 3222 837 3288 scriptos
855 3221 951 3285 inisse,
976 3219 1041 3288 quod
1060 3220 1219 3275 Dcdwellum
1238 3226 1264 3277 in

155 3306 230 3372 tiam,
256 3320 346 3372 graeca
370 3305 401 3356 ad
420 3320 465 3356 eos
484 3305 598 3356 oratione
618 3320 691 3370 usus,
726 3306 827 3359 dubium
847 3321 951 3359 vocasse
974 3321 1051 3375 supra
1073 3309 1215 3360 monuimus
1234 3309 1264 3361 ad

155 3391 304 3443 adhortatus
339 3393 437 3442 esset.“
483 3388 534 3440 Sed
563 3388 693 3442 admonuit
725 3390 1153 3461 rit.11[c.30]§.42[n.s].
1188 3393 1264 3446 Alte·

155 3475 262 3528 Wcliius
287 3472 387 3543 delendi
413 3471 596 3540 quodammodo
616 3488 692 3540 posse
726 3493 791 3542 rum,
811 3478 877 3545 quod
895 3478 960 3530 idem
979 3477 1013 3529 sit
1030 3476 1101 3529 tertii
1118 3477 1265 3530 huiuslibri

155 3557 338 3630 Theophilirm,
356 3559 378 3611 ai
396 3558 507 3610 dicamus
525 3555 551 3608 id
569 3574 626 3609 cnm
644 3558 693 3610 sihi
727 3564 824 3628 auctor,
842 3577 855 3612 a
874 3577 923 3628 quo
941 3562 1043 3629 priores
1061 3559 1111 3612 duc
1128 3566 1188 3613 sont
1202 3576 1264 3630 pro-

155 3647 266 3701 uoluisse
283 3644 349 3712 quod
365 3642 465 3706 Graeci,
483 3645 645 3709 praeconium
661 3642 692 3695 de
726 3645 794 3699 teeti.
824 3645 940 3712 Wotfius.

155 3732 312 3801 poenitentia
339 3729 369 3782 ah
395 3743 425 3780 eo
450 3730 541 3780 iactum
560 3727 691 3781 audientes
796 3729 820 3782 9.
848 3727 934 3798 ἐστιν]
966 3730 1029 3781 Ven.
1059 3729 1134 3783 Bodl.
1166 3729 1264 3795 Gesn.;

154 3818 231 3884 idque
248 3815 335 3880 lingua
353 3828 398 3865 sua
417 3813 568 3878 efferentes,
592 3813 692 3865 Deuca-
727 3818 803 3867 caeti.
820 3808 886 3867 ἐστι.
914 3814 972 3866 Par.
992 3812 1039 3867 noi
1057 3817 1117 3881 post
1134 3813 1198 3882 Σὴμ
1217 3815 1264 3867 de-

154 3901 231 3953 licnis
248 3913 342 3952 nomen
360 3897 410 3967 ipsi
425 3895 572 3967 indiderint.
726 3898 803 3966 levit3
823 3900 884 3951 Ven.
899 3901 925 3950 et
941 3898 1013 3951 Bodl.
1032 3901 1099 3952 sieut
1116 3899 1196 3952 Gean.
1215 3896 1264 3951 uei

225 3985 251 4037 8.
270 3977 434 4044 enodandi
452 3978 481 4035 ἐν
499 3981 539 4048 τῷ
557 3979 690 4052 δευτέρῳ]
728 3990 786 4052 pest
803 3980 869 4049 Xcip
888 3984 1037 4036 omiserunt.
1063 3984 1142 4046 Editi,
1161 3985 1265 4049 practer

156 4072 215 4124 l‘ar.
232 4067 311 4123 καθὰ
331 4069 376 4137 [ei.
394 4085 421 4121 n.
438 4063 466 4134 h]
485 4065 533 4119 nat
553 4063 583 4120 ἐν
601 4065 693 4141 ἑτέρῳ.
728 4068 825 4135 Geana,
847 4063 946 4134 ’domiti
974 4068 1073 4135 (capt.)
1097 4081 1144 4135 pro
1166 4060 1265 4132 Ἰἁφιθ

155 4185 188 4196 -
206 4156 301 4210 Procul
320 4154 394 4207 dnbio
422 4153 516 4205 indicat
542 4154 584 4207 hie
608 4141 692 4208 Theo-
729 4153 814 4219 (codd.
833 4155 916 4222 mati).
