2836 4852
453 272 516 331 ‘ab
538 268 783 332 senoniensi
804 268 882 330 Lae.
903 268 957 330 111.
1198 267 1263 334 225

153 443 308 503 dictorum
327 441 421 502 ludos
441 442 587 517 spectare
607 443 698 500 nobis
718 441 822 518 liceat,
843 456 883 501 no
903 439 1076 518 participes
1089 441 1129 499 et
1148 439 1264 502 conscii
1299 407 1306 421 ⁵

153 552 294 612 caedium
323 551 442 610 fiamus.
486 548 594 625 Neque
624 551 717 610 etiam
750 553 876 609 caetera
907 550 1104 626 spectacula,
1119 545 1264 610 obeunda

151 663 244 738 sunt,
266 677 306 719 ne
327 661 511 736 polluantur
534 659 616 719 oculi
639 659 740 718 nostri
761 661 795 718 et
817 675 929 734 aures,
959 659 987 717 si
1009 659 1183 736 participes
1205 675 1263 718 eo-

152 786 221 828 rum
249 769 325 828 fiant
353 786 434 844 quae
465 769 532 827 illic
556 769 772 828 decantantur.
818 767 852 827 Si
880 769 950 844 qais
979 769 1061 826 enim
1091 768 1131 827 de
1160 767 1264 827 caruis

151 877 306 938 humanae
335 878 430 953 epulo
460 877 615 954 loquitur,
645 877 711 937 illic
739 875 885 954 Thyestis
909 880 942 936 et
965 877 1057 936 Terei
1087 875 1183 935 liberi
1204 891 1265 936 vo·

152 991 281 1058 rantur3
311 988 438 1047 sivero
462 987 502 1045 de
524 987 700 1064 adulterio,
727 988 807 1047 illud
831 988 915 1063 apud
938 1002 994 1046 eos
1017 1002 1080 1044 non
1101 987 1202 1046 solum
1225 985 1265 1047 de

152 1097 328 1158 hominibus
361 1096 533 1156 sedetiam
558 1095 698 1173 deciis,
731 1114 811 1172 qnos
841 1080 959 1157 canora
988 1111 1067 1155 voce
1097 1095 1266 1175 decantant

152 1212 214 1267 non
242 1207 309 1266 sine
338 1206 478 1284 praemio
509 1208 542 1265 et
569 1206 731 1284 mercede,
761 1208 883 1283 tragice
914 1203 1093 1266 exhibetur.
1147 1203 1264 1265 Procul

152 1319 256 1377 autem
282 1317 366 1376 absit
389 1333 407 1374 a
429 1313 616 1376 Christianis
646 1320 681 1380 ut
707 1316 746 1376 iis
767 1317 935 1390 quidquam
956 1312 1135 1372 huiuamodi
1157 1312 1265 1374 facere

151 1425 183 1482 in
206 1426 338 1483 mentem
360 1425 480 1498 veniat,
503 1426 586 1499 apud
613 1443 691 1499 quos
714 1423 923 1500 temperantia
944 1422 1052 1499 adest,
1075 1422 1266 1496 continentia

153 1533 278 1610 colitur,
300 1533 422 1592 unicum
444 1533 670 1590 matrimonium
693 1536 851 1608 servatur,
874 1531 1057 1591 castimonia
1078 1528 1265 1607 custoditur,

154 1641 304 1700 iniustitia
325 1642 569 1717 exterminatur,
598 1643 760 1717 peccatum
782 1637 1124 1718 radicitus‘evellitur,
1146 1639 1266 1702 iustitia

154 1738 339 1827 exercetur,
366 1752 422 1810 lex
444 1751 646 1825 observatur,
675 1752 778 1810 onltns
802 1752 854 1811 dei
876 1750 1058 1827 peragitur,
1089 1750 1167 1810 deun
1188 1766 1266 1810 oon·
1341 1777 1347 1787 ·

154 1860 272 1919 litando
294 1860 490 1935 celebratur,
520 1859 640 1918 veritas
663 1857 856 1938 dominatur,
890 1858 993 1937 gratia
1017 1858 1172 1935 custodit,
1201 1874 1267 1935 pax

153 1969 336 2044 communit,
361 1969 491 2026 verbum
514 1969 653 2027 sanctum
677 1970 778 2046 ducit,
808 1970 964 2046 sapientia
987 1969 1095 2045 decet,
1125 1965 1194 2027 vita
1215 1967 1266 2028 di·

153 2078 239 2154 rigit,
262 2079 340 2137 deus
359 2079 484 2154 regnat.
519 2075 619 2153 Igitur
639 2095 730 2153 quum
750 2079 908 2156 permulta
930 2079 1103 2138 habeamus
1124 2077 1266 2152 quaeda

153 2186 304 2246 institutis
328 2187 445 2246 nostris
469 2189 501 2244 et
519 2186 569 2244 dei
591 2204 627 2246 ac
649 2187 821 2247 conditoris
844 2189 1061 2249 universorum
1084 2178 1266 2263 praeceptis

154 2295 309 2372 dicamus,
332 2297 410 2354 satis
431 2294 524 2353 multa
547 2295 698 2355 hactenus
718 2305 864 2373 putamus
885 2312 1156 2373 commemorasse,
1177 2298 1211 2355 nt
1233 2296 1267 2355 et

153 2406 188 2463 tu
211 2405 342 2463 animum
375 2405 437 2477 [rei
458 2406 711 2480 pernoscendae]
729 2407 893 2464 ¹advertas
923 2406 1113 2482 praesertim
1134 2406 1267 2482 propter

154 2518 192 2571 ea
216 2530 296 2591 quae
319 2511 466 2573 haotenus
489 2515 582 2590 legis,
605 2517 638 2573 ut
661 2515 919 2588 quemadmodum
942 2513 1082 2575 discendi
1104 2514 1266 2573 studiosus

153 2621 215 2682 huc
237 2641 335 2699 usque
358 2623 448 2684 fuisti
472 2624 515 2682 ita
539 2620 631 2682 etiam
653 2624 799 2684 lubenter
820 2623 967 2700 deinceps
991 2623 1106 2684 discas.

154 2816 253 2869 Sieilen
280 2819 400 2869 kann²es
425 2817 533 2882 iragliah
559 2816 633 2883 sein,
659 2817 690 2869 ab
726 2817 826 2884 στῆναι
844 2822 943 2870 temere
962 2811 1077 2868 mutarit.
1105 2816 1168 2870 Tell
1190 2816 1265 2871 walt.

154 2901 195 2953 die
222 2902 346 2954 Weisheii
375 2902 412 2953 als
439 2902 606 2968 Eigeuschait
629 2901 692 2955 ader
726 2902 1147 2972 Hannibalemntranstulerunt:
1167 2916 1265 2970 copae-

153 2987 193 3038 als
214 2985 312 3038 Person
332 2987 445 3050 gemeiut
462 2987 528 3039 sai.“
667 2980 669 2985 ’
726 3004 794 3040 scus.
826 2990 876 3039 Pro
896 2982 1105 3054 dvcyacoio'aeae,
1126 2987 1193 3056 qnod
1210 2993 1264 3041 tras

225 3070 267 3122 10.
297 3067 355 3137 ζωή
386 3068 531 3141 βραβεύει]
568 3071 691 3138 Suspecta
726 3072 798 3126 codd.
826 3075 908 3126 nostri
934 3077 1058 3139 tuentur,
1087 3072 1168 3126 (iesu.
1197 3073 1262 3126 Due.

156 3153 246 3207 Wolfio
268 3155 368 3208 videtur
385 3170 434 3209 vox
453 3153 594 3226 βραβεύει,
615 3171 691 3224 qaum
726 3159 793 3210 Mor.
825 3159 889 3212 Mar.
925 3158 1019 3231 habent
1052 3154 1262 3225 ἀναγινώσκειν.

156 3239 296 3292 verisimile
327 3254 378 3292 nen
409 3241 443 3293 sit
471 3241 637 3308 Theophilum
665 3242 691 3291 in
727 3243 792 3296 Dein
812 3244 870 3296 Par.
889 3238 1041 3311 ἐγεννήθης
1059 3244 1161 3296 villose.
1198 3245 1262 3297 Tum

155 3322 1265 3396 mmmwmomemmmmmimmmfflmfflstmstmmfflffl

156 3410 278 3461 noluisse.
316 3410 388 3474 Kaye
415 3411 507 3475 (Some
535 3414 642 3462 account
667 3411 696 3461 oi
727 3407 802 3467 uiro
821 3428 868 3482 pro
887 3406 986 3474 οὕτως.
1021 3413 1140 3481 Denique
1166 3413 1264 3468 librarii

154 3495 198 3546 lhe
218 3495 340 3560 Writlnga
358 3493 407 3545 aud
423 3494 547 3562 Opinione
565 3496 594 3546 ei
605 3495 692 3547 lustin
726 3501 753 3553 in
772 3500 824 3551 illis
839 3499 965 3552 codicibus
990 3501 1129 3566 omnesque
1151 3497 1263 3552 editores

155 3579 254 3646 Merlyr
279 3578 370 3630 aaa.
394 3593 419 3644 p·
445 3578 509 3644 218)
535 3581 610 3631 verbi
634 3575 691 3646 ζωή
727 3585 859 3637 formulam
878 3579 930 3647 ἕως
946 3583 999 3636 cori
1018 3576 1190 3651 deripe-pasl
1207 3580 1263 3650 ipe·

155 3652 442 3733 epopedar'sundincia
461 3666 549 3715 censet
567 3679 634 3716 asae.
660 3665 693 3729 „l
727 3667 819 3737 νήθης
837 3667 1018 3733 collocandam,
1037 3680 1127 3718 errore
1141 3672 1201 3736 post
1215 3664 1264 3738 inp

155 3747 310 3814 anlertaiu,“
326 3747 418 3817 inquil,
436 3747 546 3814 „doubts
561 3749 637 3802 about
648 3751 692 3802 the
727 3757 877 3822 posuerunt.
896 3752 1025 3804 clausere
1048 3750 1144 3818 phere,
1171 3767 1263 3820 puem-

154 3833 239 3886 words
258 3834 279 3896 ζ.
300 3833 345 3903 pp.
370 3833 397 3885 in
420 3834 464 3885 tha
483 3833 563 3899 Tert;
590 3834 612 3886 ii
633 3835 693 3900 they
728 3842 867 3893 admodum
886 3839 1052 3889 hactenus
1070 3835 1167 3903 seciah,
1184 3836 1262 3888 oddi-

155 3932 199 3970 arc
216 3921 262 3970 nel
278 3932 309 3970 an
327 3907 526 3987 interpolation,
549 3918 605 3986 ζωή
626 3924 694 3974 musi
727 3941 795 3977 rcus.
821 3922 889 3977 Nihil
908 3921 1014 3990 amplius
1027 3917 1174 3973 mutandum
1189 3919 1262 3973 vide·

154 4003 226 4055 reier
242 4005 269 4054 lo
289 4002 333 4054 the
351 4002 407 4053 lille
424 4001 506 4054 ulrich
523 4010 571 4056 cur
585 4005 694 4058 Saricur
728 4014 778 4063 lor.
804 4009 843 4062 De
864 4009 925 4062 iva
942 4024 964 4062 c.
982 4007 1057 4059 indic.
1075 4007 1122 4058 iat.
1141 4004 1213 4069 (ride
1230 4005 1262 4059 ad
1353 4056 1356 4065 ,

155 4086 226 4154 gives
245 4087 362 4154 himself,
380 4086 449 4139 John
468 4087 512 4155 11,
526 4087 569 4145 25.
588 4088 631 4157 14,
649 4089 692 4143 6.“
727 4095 817 4148 laslin.
843 4093 907 4146 Dial.
932 4108 953 4145 c.
979 4091 1022 4144 Tr.
1042 4087 1146 4155 c115.
1170 4087 1262 4158 n.11)

223 4172 265 4227 11.
293 4168 451 4241 ἐπιστῆσαι]
476 4173 555 4240 Mign.
581 4175 608 4229 iu
633 4171 693 4231 int-
728 4183 798 4235 recle
824 4180 945 4248 haymo
970 4174 1015 4241 (ad
1038 4172 1154 4226 corinth.
1179 4170 1211 4242 e,
1227 4173 1263 4228 18

196 4265 276 4335 (torp.
296 4265 382 4335 Apoll.
402 4265 459 4320 Tol.
477 4265 548 4323 v111.
1013 4271 1052 4328 15
