2836 4852
160 244 223 312 318
467 249 685 313 anaspum
705 250 958 314 Amolocfflllll

158 421 293 498 talibus;
316 422 368 503 qui
389 430 488 482 eutem
508 424 541 482 in
561 442 662 502 porro
682 425 802 505 inform
824 431 878 494 eet,
899 428 935 485 ut
955 442 1018 485 uon
1039 425 1095 486 det
1111 425 1269 489 fratribus

160 533 202 593 ad
222 533 369 594 utendum
398 533 481 607 quod
505 549 524 591 a
546 535 606 593 deo
635 551 696 611 pro
718 535 859 594 omnibus
890 538 941 595 est
968 538 1121 614 creatum,
1151 538 1212 597 iste
1235 539 1269 597 iu

159 643 298 719 spiritali
323 642 455 719 peeuuia
485 643 654 704 dividenda
683 645 806 721 iniquus
836 645 907 704 erit.
952 644 991 705 Si
1010 653 1110 706 eutem
1130 644 1268 730 (iuquit)

159 750 298 812 camales
319 751 445 813 divitior
474 770 555 828 quae
577 754 726 814 labuntur
752 774 813 815 noa
840 754 913 814 berre
940 754 1150 833 dispensetis,
1180 774 1268 820 oerum

157 864 366 937 aeternasque
398 861 524 923 divitias
552 865 702 924 eoelestis
735 865 896 924 doetrinae
931 865 997 944 quir
1027 865 1133 927 credet
1161 868 1267 928 eoois?

156 971 247 1033 Etsi
268 972 301 1030 ire
323 971 370 1032 tir
397 991 475 1052 patae
502 971 604 1033 alieno
631 981 700 1035 suat
730 970 882 1052 (alienum
909 976 961 1034 est
990 978 1092 1034 autem
1123 992 1143 1034 a
1172 979 1265 1038 nobis

157 1083 241 1158 quod
263 1083 362 1143 seeuli
383 1080 449 1160 est)
471 1082 611 1162 infideles
632 1084 747 1163 fuistis,
770 1103 806 1144 eu
829 1104 905 1164 quoe
925 1092 1024 1145 oestro
1043 1093 1112 1146 seur
1131 1088 1165 1149 et
1184 1105 1266 1164 pro·

156 1193 226 1270 prie
248 1191 364 1252 homini
386 1193 537 1269 deputata
560 1193 626 1273 puis
646 1192 752 1254 credet
773 1195 878 1255 vodis?
920 1195 1006 1255 Unde
1027 1196 1161 1272 corripit
1182 1213 1266 1257 eva·

157 1305 278 1380 titiam,
313 1303 420 1362 diceus
452 1320 521 1362 eum
554 1304 608 1379 qui
639 1306 723 1363 amet
752 1305 914 1380 pecuniam
946 1306 1037 1365 deum
1064 1322 1173 1366 amare
1201 1325 1265 1368 uou

156 1430 262 1491 posse.
305 1412 470 1473 Sciendum
498 1415 549 1473 est
577 1415 681 1473 autem
713 1412 794 1474 haue
824 1415 1088 1492 comparationem
1117 1418 1263 1478 salvato-

155 1541 221 1584 rem
243 1525 384 1584 nostrum
405 1513 780 1600 ⁷⁶episoopis‘posuisse.

545 1751 656 1812 LIBER
679 1753 862 1823 QUARTUS.

241 1919 299 1983 1Ιιι
315 1922 479 2004 principio
511 1930 576 1984 erat
597 1923 716 1985 verdum
745 1933 775 1985 et
803 1924 922 1986 eertum
950 1931 1017 1985 erat
1045 1925 1133 2004 apud
1161 1926 1259 1986 deum.

154 2035 345 2111 Principium
374 2035 424 2092 est
454 2033 549 2108 deus,
582 2034 712 2094 verbum
741 2035 824 2095 filius
854 2035 906 2094 dei
937 2032 1097 2112 Christus,
1128 2035 1166 2095 de
1194 2052 1256 2112 quo

154 2146 289 2221 paterna
307 2159 371 2200 vox
391 2142 467 2201 dioit
494 2142 525 2200 iu
545 2143 666 2220 psalmo
698 2138 906 2220 ²„Eruotavit
931 2162 1108 2206 cormeum
1130 2146 1258 2206 verbum

154 2250 302 2329 bonum,“
325 2253 358 2311 id
381 2254 431 2312 est
453 2251 626 2330 Christum,
647 2269 706 2330 per
728 2271 818 2330 quem
840 2255 941 2315 omnia
961 2255 1046 2316 saeta
1066 2258 1149 2316 suut.
1192 2247 1258 2315 ³Et

154 2365 219 2426 eine
239 2365 309 2444 ipre
337 2365 455 2442 foetum
483 2368 527 2422 est
553 2360 635 2422 nalal
661 2364 694 2424 id
721 2366 771 2424 est
798 2365 930 2442 idolum,
958 2357 1122 2444 ⁴„quod,“
1152 2368 1187 2426 ut
1214 2365 1258 2425 ait

153 2475 318 2554 apostolus
341 2473 477 2548 Paulus,
501 2473 633 2550 „seimus
655 2473 728 2549 quia
752 2472 829 2534 nihil
852 2477 901 2533 est
921 2475 953 2533 iu
973 2474 1117 2536 mundo.“

238 2579 350 2655 ⁵Que'd
369 2581 444 2644 milti
468 2590 498 2644 et
520 2583 577 2644 tibi
597 2590 642 2644 est
661 2582 788 2643 mulier?
820 2582 965 2645 Nondum
984 2586 1064 2646 uenit
1084 2569 1161 2645 luero
1179 2603 1256 2645 meu.

152 2695 219 2756 lloo
240 2695 312 2754 ideo
334 2693 379 2753 ait
401 2694 474 2770 quia
494 2692 637 2753 Christus
666 2695 699 2753 et
727 2693 805 2754 deus
828 2698 897 2754 erat
920 2696 958 2755 de
981 2696 1040 2755 deo
1063 2697 1171 2774 natus,
1202 2692 1257 2753 sa-

151 2808 237 2867 oieus
257 2805 417 2882 miraeula,
440 2807 473 2864 et
494 2803 587 2863 homo
610 2804 680 2863 erat
697 2819 755 2880 per
771 2805 909 2882 matrem,
931 2802 1060 2864 humana
1080 2804 1257 2864 tractando.

150 2913 237 2993 Ergo
262 2931 356 2991 noue,
387 2916 459 2991 quia
487 2915 668 2992 mysterium
699 2915 886 2991 operaturus
917 2915 987 2973 erat
1015 2932 1127 2990 aquam
1151 2914 1182 2972 iu
1205 2914 1257 2972 vi·

150 3043 222 3086 uum
245 3026 408 3105 mutando,
436 3024 515 3084 nihil
544 3040 579 3084 se
609 3040 767 3084 eommune
797 3024 872 3083 dicit
902 3023 1022 3084 habere
1047 3041 1114 3084 eum
1145 3027 1257 3101 matre,

151 3136 184 3196 id
207 3135 353 3197 estnihil
374 3135 500 3196 humani
529 3134 586 3194 sed
614 3134 712 3194 divini
740 3134 846 3211 operis
869 3135 914 3194 ait
936 3150 971 3194 se
993 3150 1065 3195 esse
1088 3133 1255 3195 facturum.

201 3328 243 3383 76.
268 3328 405 3398 episcopis]
430 3329 501 3382 Idem
525 3343 604 3397 supra
631 3343 685 3382 mo·
719 3344 760 3382 mo
779 3343 825 3382 suo
843 3329 992 3382 scaturiisse
1005 3329 1163 3396 praeclarum
1179 3330 1254 3400 quid-

150 3415 231 3468 uitum
249 3420 303 3468 est:
321 3429 347 3467 ιι.
361 3413 405 3468 24.
719 3414 775 3467 dam
796 3414 862 3482 quod
879 3416 927 3467 hoe
944 3415 1040 3482 psalmo
1058 3420 1199 3486 proponat:
1225 3421 1255 3469 ut

718 3498 861 3566 Eusebius,
889 3500 1017 3565 Basilius,
1045 3501 1254 3566 chrysostomus,

204 3586 228 3638 1.
248 3587 282 3638 Io
300 3586 360 3655 eto]
379 3586 468 3638 loauu.
490 3583 514 3650 1,
533 3585 557 3635 1.
718 3586 892 3640 Theodoretos
915 3585 946 3638 ad
970 3586 1035 3638 hune
1052 3587 1195 3658 psalmum3
1222 3589 1255 3640 ol.

199 3669 225 3723 2.
245 3672 377 3726 Eructavit
451 3670 554 3738 bonum]
577 3669 622 3723 Ps.
640 3667 683 3737 ol,
717 3672 896 3724 corderiauam
923 3673 1041 3725 catenam
1069 3674 1095 3723 et
1119 3672 1253 3739 Hierony-

149 3755 175 3811 2.
201 3756 285 3808 Etiam
304 3757 346 3808 alii
364 3759 449 3826 patres
468 3757 529 3808 haee
548 3754 623 3807 rerba
636 3754 683 3807 deo
717 3773 784 3810 mum
801 3759 828 3809 iu
845 3756 927 3825 Epist.
945 3756 975 3808 ud
992 3756 1140 3809 Damasum.

149 3841 217 3913 patri
244 3840 373 3908 tribuunt,
398 3846 428 3894 ut
450 3839 516 3893 dieat
533 3855 547 3891 a
564 3855 592 3894 se
610 3839 683 3906 geui-
767 3842 793 3895 3.
810 3843 846 3894 Et
863 3840 925 3910 ete]
945 3841 1032 3894 loauu.
1052 3840 1078 3905 1,
1096 3840 1123 3892 3.

149 3933 203 3981 tum
222 3927 341 3980 Verbum.
375 3926 414 3978 cl.
436 3925 550 3990 Theoph.
568 3924 610 3977 Ad
626 3925 682 3977 Au·
768 3928 793 3981 4.
812 3925 879 3994 quod
951 3925 1057 3995 muodo]
1078 3925 1253 3994 1cor.8,l.

149 4014 195 4066 lol.
210 4013 255 4066 lib.
265 4012 299 4064 ll.
314 4026 336 4064 e.
349 4009 389 4063 10.
404 4025 430 4062 ιι.
441 4009 465 4061 6.
491 4010 543 4063 Alii
560 4025 621 4062 vero
636 4024 682 4062 au·
716 4012 851 4065 Caeterum
864 4013 928 4080 poia
941 4004 1011 4080 (ὅτι)
1026 4029 1059 4059 =
1070 4013 1157 4078 qood:
1174 4012 1219 4066 lib.
1229 4012 1251 4066 l.

150 4102 246 4151 ctorem
262 4096 353 4167 psalmi
370 4099 484 4148 statuunt
502 4112 533 4148 ex
551 4096 682 4164 suiipsius
715 4113 744 4153 u.
761 4097 820 4152 105.

148 4196 258 4251 persona
276 4182 346 4252 loqui
364 4184 390 4234 et
407 4182 453 4235 hoe
470 4178 551 4234 velle:
576 4195 608 4234 ex
626 4181 681 4233 aui·
766 4182 792 4236 ὁ.
813 4183 883 4248 Quid
894 4183 956 4251 ete]
972 4181 1061 4235 loaou·
1077 4180 1103 4249 2,
1116 4180 1178 4236 dt
1190 4181 1214 4235 7.
1224 4179 1250 4237 9.
