2836 4852
473 290 857 372 Pnonudhmmrla.
1168 297 1220 371 ⁴m

108 501 221 573 gnare
257 489 492 574 asseverant3
530 484 802 574 providentiam
840 477 1116 576 adprobant,
1153 480 1219 557 alii

109 608 310 698 explodunt
341 608 391 699 (c.
418 609 477 699 7).
530 607 599 693 Qui
627 628 718 694 vcro
743 609 832 679 deos
859 627 942 679 esse
966 614 1104 698 negant
1127 624 1218 709 eonf-

108 732 192 821 dem
223 751 307 800 esse
338 753 466 803 rursus
501 731 702 826 affirmant,
737 730 855 822 iisque
884 732 1045 803 incestos
1078 752 1219 817 concur

108 856 206 929 bitus
237 861 273 925 et
307 858 435 945 epulas
466 857 646 929 humanae
678 857 801 927 carnis
833 855 1035 927 attribuunt
1073 857 1125 946 (c.
1158 857 1216 946 8).

107 1019 158 1035 ·-
182 979 471 1052 Christianorum
501 1002 592 1051 vero
619 983 786 1051 doctrina
818 985 876 1051 est
904 982 1015 1071 longe
1046 979 1217 1053 sanctior.

108 1103 226 1176 Unum
250 1105 358 1175 deum
383 1124 465 1175 esse
490 1110 645 1178 credunt
673 1106 823 1196 eiusque
847 1105 1082 1194 providentia
1108 1126 1217 1179 mun-

108 1229 194 1299 dum
225 1230 444 1322 guhcrnari,
480 1238 517 1302 et
546 1234 593 1302 ab
621 1252 665 1303 eo
693 1232 813 1321 legem
841 1237 1084 1320 acceperunt:
1117 1248 1216 1318 quac

108 1372 215 1441 quam
241 1360 367 1425 saneta
399 1356 446 1424 sit
477 1359 657 1445 probatur
685 1376 732 1425 ex
758 1355 941 1444 decalogo
969 1353 1118 1426 Mesia
1144 1354 1217 1427 ded

106 1478 195 1547 dato
222 1479 359 1566 (1.9).
411 1478 490 1546 Huc
524 1480 668 1549 accedit
697 1486 935 1568 praeceptum
968 1479 1014 1548 dc
1045 1476 1217 1559 hannani,-

104 1606 184 1670 tate
213 1600 420 1670 exhibenda
454 1603 606 1672 advenis
639 1600 802 1690 (1.10).
854 1601 1100 1693 Apponuntur
1123 1619 1218 1691 pro-

107 1724 302 1816 phetarum
325 1725 532 1805 testimonia
548 1727 594 1796 de
612 1725 838 1817 poenitentia
860 1725 911 1816 (c.
931 1727 1001 1817 11)
1024 1731 1063 1795 11
1080 1720 1219 1795 institia

107 1848 240 1937 (112)
266 1856 302 1919 et
328 1850 497 1919 castitate
524 1851 664 1940 (113).
717 1848 906 1919 Nonnulla
929 1871 975 1919 ex
1003 1848 1115 1919 Novo
1139 1847 1217 1918 Te-

108 1979 290 2043 stamento
317 1974 504 2043 adduntur
538 1965 584 2043 de
615 1973 768 2044 inimicis
803 1973 1002 2065 diligendis
1036 1979 1075 2044 et
1095 1971 1218 2065 gloria

107 2097 206 2165 inani
240 2096 449 2187 effugienda
485 2102 522 2166 et
557 2098 768 2169 ohedientia
798 2097 1070 2190 magistratibus
1101 2117 1217 2188 prae-

108 2221 240 2291 standa
271 2221 317 2309 (c.
342 2223 418 2310 ll).
479 2221 520 2290 In
553 2222 719 2291 homines
753 2223 821 2292 tali
856 2222 1025 2292 doctrina
1056 2221 1218 2290 imbutos

108 2364 181 2415 non
214 2345 349 2413 cadunt
381 2345 540 2414 nefanda
575 2346 646 2415 ista
681 2346 921 2417 humanarum
951 2347 1146 2436 epularum
1179 2351 1218 2414 et

107 2468 396 2559 promiscuorum
420 2470 674 2540 concubituum
695 2469 879 2559 facinora3
912 2469 1021 2539 immo
1041 2474 1143 2538 tanta
1160 2473 1221 2536 est

107 2591 400 2664 christianorum
434 2593 504 2662 hac
530 2593 567 2662 in
590 2613 632 2662 re
658 2593 778 2662 cautio
810 2598 850 2660 ut
881 2610 999 2678 neque
1030 2590 1220 2678 gladiato-

106 2739 188 2786 rum
212 2716 431 2807 spectaculis
454 2717 634 2787 iuteresse
656 2715 746 2804 ipsis
770 2716 891 2807 liceat,
917 2736 970 2785 ne·
982 2712 1106 2783 caedis
1125 2731 1218 2781 con-

107 2842 175 2912 scii
199 2841 307 2932 fiant,
333 2860 451 2927 neque
479 2841 573 2908 alios
596 2840 705 2907 ludos
730 2840 850 2931 obire,
885 2859 930 2907 ne
957 2839 1120 2929 ipsorum
1146 2857 1217 2933 au·

107 2985 170 3035 res
196 2969 260 3036 aut
284 2963 382 3033 oculi
404 2964 694 3033 contaminentur
718 2940 863 3053 Ι(1111).

210 3087 304 3159 Tum
337 3085 566 3177 Theophilus
599 3088 735 3176 prohat
772 3085 1042 3159 doctrinam
1073 3084 1217 3161 Chri·
1361 3161 1366 3166 ,

107 3212 369 3281 stianorum
395 3211 577 3280 minime
604 3216 843 3283 recentem
872 3230 988 3278 esse.

208 3334 368 3405 Primum
400 3341 650 3423 argumentum
682 3335 768 3421 inde
811 3335 910 3405 ducit
950 3335 1049 3423 quod
1083 3332 1217 3429 Graeci

106 3458 199 3537 nihil
233 3478 387 3550 prorsus
425 3457 586 3526 viderint
618 3457 655 3529 in
685 3459 923 3530 numerandis
956 3458 1080 3527 mundi
1111 3432 1216 3537 annis

107 3584 154 3672 (c
173 3583 248 3675 ld),
274 3603 366 3672 quos
387 3581 587 3652 Christiani
607 3602 655 3651 ex
677 3583 940 3672 prophetarum
963 3582 1125 3652 oraculis
1146 3603 1216 3652 coe

107 3705 230 3796 gnitos
255 3705 394 3776 hahent
413 3709 463 3796 (c.
487 3706 570 3798 11),
605 3711 643 3775 11
668 3706 705 3774 in
730 3707 916 3776 narrando
944 3706 1083 3776 diluvio
1101 3724 1215 3803 serra·

107 3829 232 3900 munt
259 3831 306 3920 (c.
328 3833 402 3924 18),
431 3832 528 3919 quod
553 3851 575 3899 a
598 3827 705 3900 Mose
732 3830 917 3922 propheta
942 3828 1215 3904 accuratissime

108 3952 331 4024 describitur
364 3955 514 4044 (119).
575 3952 689 4022 Aliud
725 3962 974 4044 argumentum
1004 3934 1217 4044 suppeditat

106 4077 224 4148 Mosis
249 4079 301 4168 (c.
321 4078 391 4169 20)
416 4084 455 4148 et
474 4077 595 4147 exitus
616 4079 662 4149 de
686 4078 862 4170 Aegypto
889 4078 1033 4168 (121)
1065 4082 1102 4147 et
1119 4079 1218 4159 tem·v

932 4203 988 4278 dii
