2836 4852
264 269 643 335 commonitionum
662 272 706 335 IN
726 271 964 337 nvnnounln
986 272 1063 336 ΠΒ.
1084 275 1138 337 ΠΙ.
1186 270 1268 339 alt*

154 443 226 505 dum
248 446 327 522 feeit
347 463 469 504 coenam
491 464 642 524 meyerum.
684 444 747 506 Per
767 462 895 507 coenam
915 447 1082 507 adventum
1108 446 1255 507 salvato·

153 555 199 614 ris
220 556 322 614 nostri
349 555 507 630 scriptura
532 555 704 633 significat,
733 556 818 631 quod
841 572 947 616 omnes
969 558 1099 638 gratiam
1121 557 1251 636 spirita-

152 664 215 725 lem
238 664 381 724 convivio
410 664 524 724 domini
555 666 708 742 sumpturi
737 681 877 741 eramus,
910 667 942 723 et
965 665 1038 726 ideo
1056 683 1186 727 coenam
1203 667 1252 726 'ait

154 774 227 850 quia
247 774 307 834 sub
328 790 494 850 vesperam
514 775 613 835 seculi
635 772 778 834 Christus
800 774 937 834 advenit.
976 757 1037 847 Qui
1054 777 1137 837 misit
1154 794 1252 845 emes

153 903 237 952 racc,
268 884 301 943 id
328 887 379 943 est
407 886 586 963 apostolos,
617 886 652 944 ut
673 886 824 944 vocarent
843 882 977 943 Iudaeos
1007 885 1048 944 ad
1078 885 1252 960 convivium

155 993 268 1054 domini
290 994 492 1071 iampridem
515 995 660 1054 invitatos
689 1009 748 1071 per
770 991 955 1070 prophetas.
997 994 1049 1054 llli
1070 997 1172 1058 autem
1193 1009 1253 1054 no·

152 1104 256 1165 lentes
288 1102 412 1165 Christo
442 1107 574 1165 credere
604 1108 822 1165 excecaverunt
848 1121 897 1172 εις
926 1120 985 1180 per
1013 1104 1254 1166 sollicitudinem

154 1215 252 1275 seculi
274 1216 453 1291 praesentia
476 1217 644 1293 diligentes
667 1217 700 1274 et
721 1213 827 1273 futura
849 1215 1095 1292 contemnentes,
1116 1216 1156 1275 ad
1178 1231 1254 1276 coe·

154 1341 224 1384 nam
246 1324 416 1385 dominicae
438 1327 594 1402 passionis
617 1325 726 1385 venire
748 1324 999 1400 contempserunt
1019 1341 1077 1401 per
1093 1324 1179 1383 mille
1195 1339 1255 1383 cx·

153 1436 344 1495 cusationes.
391 1435 449 1502 Qui
470 1452 529 1510 per
552 1437 682 1515 potuque
701 1435 774 1511 iupa
795 1433 882 1492 boum
903 1448 938 1492 se
958 1435 1187 1492 excusaverunt
1207 1433 1256 1492 illi

154 1543 372 1618 intelliguntur
392 1544 444 1618 qni
467 1545 506 1604 de
528 1544 600 1619 lege
622 1541 823 1620 pentateuchi
845 1542 996 1601 recedere
1018 1543 1200 1620 noluerunt,
1221 1543 1257 1601 ut

155 1653 197 1712 ad
219 1668 362 1728 coenam,
391 1652 424 1710 id
452 1653 563 1712 estad
586 1653 703 1712 Christi
725 1649 965 1729 perfectionem,
993 1652 1136 1711 venirent
1158 1666 1256 1710 evan-

155 1762 272 1839 gelium
299 1761 507 1837 suscipiendo.
552 1763 603 1834 Illi
632 1763 735 1821 antem
762 1760 815 1836 qui
837 1776 895 1836 por
921 1779 1047 1820 cruorem
1068 1760 1193 1821 ductum
1220 1776 1255 1820 se

155 1872 306 1931 excusant
327 1874 399 1932 sunt
421 1871 475 1947 qni
495 1889 514 1930 a
536 1872 666 1931 libidine
688 1870 830 1947 corporis
854 1870 1031 1932 detinentur
1052 1872 1085 1929 et
1106 1870 1147 1929 ad
1165 1865 1257 1930 Chri·

155 1982 237 2040 stum
272 1980 382 2039 venire
412 1996 474 2039 uon
508 1983 684 2056 merentur,
721 1979 797 2038 licet
823 1997 881 2056 per
917 1980 1020 2056 legem
1050 1980 1112 2039 sint
1142 1978 1256 2040 vocati.

154 2090 275 2150 Deinde
304 2091 463 2149 mittuntur
491 2092 585 2164 cerci,
616 2091 649 2151 id
672 2092 722 2149 est
743 2088 900 2166 apostoli,
930 2087 975 2147 cd
1002 2091 1104 2151 emitur
1132 2090 1256 2155 curum,

155 2202 205 2275 et,
227 2200 299 2275 quia
319 2198 427 2259 Iudaei
448 2200 589 2280 indignos
614 2217 650 2259 se
671 2200 888 2261 iudicaverunt
909 2215 971 2259 non
993 2198 1174 2277 recipiendo
1197 2197 1256 2258 ad·

155 2313 282 2371 ventum
304 2309 418 2369 domini
446 2313 479 2368 et
507 2311 682 2370 convivium
712 2309 813 2368 sancti
843 2311 1030 2372 sacramenti
1057 2309 1256 2386 spreverunt,

107 2497 109 2499 ι
154 2426 359 2481 convocarunt
381 2416 494 2487 lurcos,
523 2419 560 2480 id
584 2420 633 2478 cst
655 2419 832 2495 sacrilegiis
860 2419 925 2477 suis
949 2419 1039 2479 deum
1061 2437 1122 2480 non
1144 2419 1256 2479 videu-

155 2533 224 2607 tes,
253 2527 397 2604 claudor,
425 2528 459 2587 id
480 2531 531 2587 est
551 2527 605 2604 qui
625 2544 684 2604 per
707 2523 787 2587 viam
808 2523 951 2587 veritatis
972 2530 1095 2588 minime
1113 2526 1255 2588 ambula-

155 2640 248 2716 bant,
277 2636 451 2706 mendtcor,
481 2639 514 2698 id
543 2639 592 2697 est
620 2653 702 2715 panc
731 2638 816 2696 vitae
843 2640 991 2697 aeternae
1013 2638 1152 2714 egentes.
1195 2635 1256 2694 Vel

155 2766 215 2828 pro
242 2748 291 2807 hir
318 2749 440 2807 vocatis
464 2750 496 2807 et
522 2747 631 2807 venire
662 2747 840 2807 nolentibus
869 2747 1007 2824 apostoli
1035 2747 1186 2808 venerant
1214 2744 1255 2805 ad

156 2857 332 2918 convivium
361 2857 485 2915 domini.
526 2855 576 2915 Ex
597 2856 647 2917 his
677 2874 755 2916 unus
783 2851 874 2937 ¹⁹puc'
902 2877 964 2916 oon
989 2857 1095 2919 tabuit
1120 2857 1254 2918 tonicam

155 2963 338 3047 nuptialem,
359 2965 392 3024 id
416 2966 466 3024 est
486 2965 597 3027 bonam
620 2967 855 3044 conscientiam,
885 2968 1032 3047 utpludas
1055 2965 1255 3042 iscariothes,

156 3079 189 3136 in
212 3075 376 3136 exteriores
397 3074 532 3136 tenebras
550 3076 705 3154 proiectus
727 3083 780 3136 cst.
822 3077 884 3138 Vel
904 3076 1095 3154 generaliter
1115 3075 1176 3137 hoo
1195 3074 1254 3134 de-

155 3189 264 3248 bemus
285 3187 447 3262 accipere:
477 3186 549 3261 quia
577 3186 717 3261 quisquis
747 3185 918 3246 crediderit
939 3203 979 3246 ex
1002 3187 1166 3264 gentibus,
1193 3185 1254 3245 uisi

156 3297 292 3359 fideliter
314 3295 496 3371 mysterium
526 3296 723 3374 baptismatis
747 3295 844 3357 fuerit
870 3300 1072 3375 consecutus,
1104 3298 1254 3385 peceato·

155 3423 223 3468 rum
246 3405 394 3465 tenebras
419 3421 480 3464 non
502 3408 609 3481 potest
630 3407 769 3486 evitare,
798 3408 870 3483 quia
893 3401 923 3440 ²⁰
933 3409 1011 3486 „nisi
1036 3409 1105 3485 quis
1126 3408 1254 3469 renatus

157 3516 253 3577 luerit
273 3533 314 3575 ex
333 3531 414 3591 aqua
435 3515 468 3573 et
488 3515 602 3591 spiritu
623 3517 732 3576 saneto
748 3495 816 3576 non
839 3517 968 3579 intrabit
990 3520 1021 3578 in
1035 3534 1163 3594 regnum
1179 3531 1254 3578 coe·

156 3624 287 3687 lorum.“

240 3730 271 3769 Ἢ
283 3732 391 3797 Simile
422 3743 465 3795 est
497 3754 621 3815 ceptrum
655 3732 806 3797 coelorum
836 3739 985 3816 fermento
1018 3733 1101 3816 quod
1132 3734 1254 3813 occepit

157 3843 271 3905 mulier.
308 3845 370 3905 Per
391 3844 530 3907 mulieris
550 3845 679 3923 figuram
701 3847 832 3924 propter
853 3845 985 3907 filiorum
1006 3846 1254 3923 procreationem

158 3955 322 4015 ecclesiam
343 3955 507 4033 significat,
527 3955 607 4015 sicut
630 3956 706 4015 alibi
729 3955 883 4031 scriptura
905 3957 1054 4038 virginem
1075 3956 1162 4034 ponit
1184 3968 1254 4013 eam

211 4120 254 4175 19.
271 4124 318 4189 qui
334 4123 396 4192 etc]
415 4122 505 4181 Metili.
524 4121 569 4189 22,
587 4121 629 4176 11.
774 4120 817 4175 21.
834 4123 929 4178 Simile
948 4124 1008 4193 eto]
1026 4124 1089 4177 Luc.
1105 4119 1149 4188 to,
1166 4117 1209 4173 21.

209 4206 253 4262 2⁰.
272 4208 322 4261 niel
378 4206 516 4276 coelorum]
531 4209 618 4262 locon.
628 4208 654 4274 3,
663 4207 688 4262 t.
