2836 4852
270 247 651 312 cofflnnnenlonunl
671 249 715 311 ln
735 232 977 310 wlnodum
999 245 1077 309 LlB.
1099 250 1137 311 ll.
1196 247 1259 316 303

151 436 249 498 super
276 437 375 497 aquas
404 422 569 495 autequam
593 436 612 480 a
632 419 758 480 domino
786 419 879 479 fieret
899 418 970 494 lux;
1000 421 1034 478 el
1061 435 1129 479 oum
1157 422 1259 499 primo

152 531 205 589 die
233 546 413 607 azymorum
444 527 529 589 facto
558 545 694 606 vespere
724 528 869 587 Christus
898 527 1016 586 aluda
1043 529 1085 587 sit
1113 531 1260 610 traditus,

151 639 271 716 primus
290 652 485 715 parasceuae
505 639 664 714 passionis
684 639 856 697 dominicae
878 636 1103 712 intelligendus
1115 639 1166 696 est
1182 639 1261 718 dies,

152 748 307 807 secundus
335 745 477 822 sabbati,
505 747 620 805 tertius
643 748 670 805 is
691 748 744 822 qui
766 764 784 805 a
806 745 1039 804 resurrectione
1062 744 1177 806 domini
1199 749 1260 808 do·

151 857 281 915 minious
304 855 485 932 appellatur
513 858 545 914 et
572 857 768 932 primusssest
790 854 925 913 sabbati.
970 850 1052 911 Sane
1075 855 1155 914 enim
1177 857 1261 931 quod

153 966 287 1042 legimus
316 965 347 1022 in
376 964 536 1023 Matthaeo
552 1007 553 1011 ,
567 964 695 1043 Vespere
716 964 835 1024 andhuli
856 962 970 1023 nezem
990 960 1124 1022 Mariam
1147 962 1191 1023 od
1212 984 1261 1024 se·

149 1072 313 1152 pulchrum
337 1089 503 1149 vesperam
526 1073 571 1133 ait
590 1089 649 1148 pro
673 1089 711 1132 eo
734 1074 818 1148 quod
839 1074 888 1130 est
905 1055 977 1130 sero
993 1072 1045 1130 vel
1061 1073 1167 1147 tarde;
1190 1090 1260 1134 nam

152 1183 347 1242 subiiciendo
379 1200 456 1261 quiue
484 1179 608 1242 lucescit
637 1184 669 1241 in
692 1182 796 1260 prima
824 1181 942 1241 subbati
971 1197 1033 1240 non
1060 1181 1186 1241 dubium
1211 1186 1262 1243 est

152 1292 298 1350 dominici
327 1292 390 1350 diei
420 1292 616 1370 significasse
638 1291 815 1350 diluculum.
861 1289 935 1348 Sive
958 1290 1019 1348 hoo
1040 1291 1140 1366 magis
1163 1291 1261 1350 inlel-

152 1400 311 1476 ligendum
336 1403 386 1459 est
408 1401 491 1475 quod
513 1401 591 1459 liora
620 1401 711 1458 sexte
733 1414 942 1474 parasoouae,
971 1413 1032 1471 qua
1055 1399 1170 1457 dimisit
1192 1399 1262 1474 spi-s

153 1509 260 1582 ullum,
290 1506 394 1565 factae
417 1511 490 1565 sunt
511 1507 679 1583 tenebrae,
709 1523 789 1583 quae
812 1523 871 1583 pro
893 1509 985 1564 noete
1008 1508 1081 1565 sunt
1102 1508 1261 1583 accipien-

154 1617 232 1675 dae:
256 1615 368 1690 quibus
390 1615 485 1673 finitis
509 1615 634 1674 reddita
655 1618 705 1675 est
726 1617 781 1674 lux
803 1616 934 1674 mundo:
958 1630 1037 1689 quae
1058 1612 1261 1691 primaacei·

155 1725 269 1800 pienda
297 1725 347 1781 est
371 1723 439 1780 dies
462 1723 634 1783 dominicae
657 1724 832 1801 passionis,
863 1725 999 1784 secunda
1022 1739 1099 1783 vero
1126 1739 1262 1799 sequeus

154 1849 217 1890 nox
242 1833 372 1906 diesque
395 1832 536 1908 sabbati,
567 1833 660 1892 tertia
685 1834 784 1910 ipsum
811 1849 900 1891 mane
923 1834 997 1909 post
1019 1832 1202 1909 sabbatum,
1229 1833 1262 1894 id

154 1944 202 1999 est
228 1932 366 1999 diluenlo
389 1958 456 1999 cum
479 1943 619 2000 surrexit
640 1942 782 2002 dominus
801 1945 920 2001 noster.
966 1935 1010 1974 ¹⁶³
1022 1938 1099 2000 Noli
1125 1961 1172 2001 me
1194 1949 1263 2002 len·

152 2067 242 2128 yeaes
263 2048 296 2107 id
317 2051 368 2106 est
387 2049 453 2108 noli
474 2065 523 2108 me
546 2051 705 2126 corporali
728 2054 814 2110 lactu
836 2052 893 2110 sed
914 2050 975 2109 lide
996 2050 1135 2125 pulsare.
1171 2049 1262 2110 Νυπε

154 2157 226 2217 dum
248 2159 326 2218 enim
348 2156 540 2217 escondied
558 2165 697 2235 petrem:
722 2160 782 2220 hoo
803 2163 855 2219 est
876 2161 1010 2219 nondum
1030 2159 1061 2217 in
1081 2162 1112 2218 le
1134 2159 1262 2219 ascendi

154 2284 233 2342 quae
254 2268 425 2326 viventem*
443 2283 510 2324 eum
541 2269 672 2326 mortuis
702 2269 845 2341 quaeris5
876 2271 908 2326 et
930 2270 1002 2328 ideo
1026 2268 1066 2326 ad
1089 2268 1262 2345 discipulos

155 2377 303 2451 mittitur,
326 2372 609 2450 quorum'oredere
632 2376 770 2434 disceret
793 2376 948 2454 exemplo.

538 2602 649 2675 LIBER
673 2615 876 2677 SECUNDUS.

244 2780 348 2844 ¹Ecce
369 2785 459 2843 millo
481 2783 621 2862 enyelum
643 2805 735 2845 metim
753 2794 825 2847 onte
843 2785 958 2864 sociem
978 2794 1086 2847 inam..
1107 2785 1263 2862 Angelum

155 2893 204 2953 hle
225 2892 379 2953 hominem
402 2892 547 2952 loannem
570 2895 727 2971 scriptura
750 2897 919 2971 signifieat,
944 2895 1025 2956 sicut
1046 2897 1078 2953 et
1097 2895 1129 2952 in
1151 2893 1264 2952 Genesi

156 3002 218 3060 ait:
253 2992 449 3077 ²„Vidoules
479 3002 584 3078 angeli
614 3004 666 3062 dei
695 3005 777 3064 filias
800 3005 955 3064 hominum
985 3005 1069 3080 quod
1098 3003 1263 3080 speciosae

156 3110 265 3170 essent
286 3113 486 3186 sumpserunt
513 3106 573 3170 sibi
597 3113 744 3174 uxores.“
789 3113 931 3191 Angelos
958 3114 1039 3171 istos
1068 3111 1120 3171 dei
1141 3107 1265 3170 intelli·
1304 3172 1307 3179 s

154 3219 255 3298 gimus
276 3217 417 3280 homines
440 3222 566 3281 saucios
589 3221 698 3299 lapsos
729 3222 759 3282 in
788 3225 960 3299 peccatum.
1005 3215 1106 3280 ³Voe
1128 3217 1265 3280 elumen-

156 3327 195 3389 tis
216 3328 248 3384 in
271 3326 391 3387 desecto
413 3327 558 3388 loannem
581 3332 736 3410 siguificat
764 3332 917 3421 clamasse
940 3330 1081 3405 ludaeis;
1112 3345 1182 3388 nam
1205 3329 1265 3386 de-

155 3436 272 3496 sertum
305 3435 381 3494 dicit
409 3438 526 3496 terram
555 3437 703 3499 Iudaeam
734 3458 763 3498 a·
782 3416 893 3513 sancto
924 3438 1038 3516 spiiitn
1070 3439 1265 3503 docelinum,

154 3537 260 3602 ⁴Eeat
280 3550 379 3603 cotem
403 3541 529 3604 Ioannes
551 3546 617 3624 ipse
637 3546 761 3619 indotos
774 3546 855 3625 pilis
878 3547 997 3607 cameli.
1041 3547 1104 3605 Per
1124 3545 1264 3628 habitum¹

156 3652 224 3713 eius
247 3653 280 3713 et
302 3652 402 3711 cibum
424 3654 536 3729 gentes
565 3655 719 3730 signifieat
742 3656 919 3731 tortuosas,
949 3654 1060 3714 cameli
1082 3652 1264 3730 similitudi-

156 3775 225 3818 nem
248 3760 419 3835 habenteS‚
450 3764 599 3821 venturas
627 3764 667 3822 ad
689 3763 891 3846 baptismum,
922 3764 1035 3839 elpes
1057 3760 1189 3823 Iocastes
1210 3760 1264 3819 lu-

208 3973 267 4027 163.
286 3975 348 4031 Noli
366 3974 428 4042 ele]
449 3976 539 4031 loann.
558 3975 601 4046 20,
619 3978 661 4031 17.
778 3978 804 4031 2.
820 3977 940 4030 videntes
954 3978 1110 4044 ...uxores1
1127 3973 1263 4042 Gen.6,2.

779 4062 803 4113 3.
825 4061 880 4114 Voce
898 4061 962 4129 elo]
982 4063 1063 4116 llere.
1082 4060 1108 4125 1,
1127 4061 1152 4111 3.

208 4143 235 4196 1.
251 4144 319 4198 Eece
336 4144 398 4213 οἱα]
416 4145 496 4199 llere.
515 4145 539 4213 1,
558 4146 583 4198 1.
777 4145 803 4199 4.
823 4147 893 4204 niae
907 4146 969 4214 etc]
991 4147 1070 4202 llere.
1088 4145 1115 4211 1,
1133 4143 1158 4197 6.
