2836 4852
441 269 499 330 ΑΙ)
523 268 766 331 duronicum
787 269 864 330 LlB.
886 269 909 329 l.
1207 263 1229 327 7

120 441 191 501 dam
213 441 302 501 deum
332 439 460 500 meum“.
504 441 641 501 Proinde
672 443 803 502 ostende
831 456 870 499 an
899 437 980 499 oculi
1004 439 1123 498 animae
1153 440 1227 499 tuae

121 549 266 625 videant,
296 552 328 608 et
356 566 449 609 aures
478 552 584 610 eordis
609 552 653 611 tui
677 551 813 611 audiant.
858 548 1119 618 Quemadmodum
1146 548 1228 607 enim

121 659 304 733 quivident
334 659 434 718 oeulis
457 661 601 736 eorporis
623 661 801 737 percipiunt
833 675 912 735 quae
935 660 966 717 in
989 655 1049 718 hae
1070 658 1136 716 vita
1158 659 1227 716 ter·

120 783 196 826 rena
219 772 431 844 peraguntur,
461 770 553 829 simul
581 786 618 828 ea
647 770 853 845 explorantes
885 783 965 842 quae
995 768 1077 826 inter
1102 783 1138 825 se
1161 764 1226 823 dil-

121 875 244 953 ferunt‚
276 878 376 937 lueem
405 881 438 936 et
466 879 631 954 tenebras,
660 879 765 938 album
796 882 829 936 et
855 878 992 954 nigrum,
1026 875 1168 935 deforme
1194 877 1228 934 et

121 983 309 1059 formosum,
347 988 526 1046 oonoinuum
570 991 706 1063 apteque
737 989 907 1046 dimensum
946 989 978 1043 et
1015 984 1227 1045 ineoneinnum

120 1093 289 1170 inepteque
312 1096 499 1176 dimensum,
522 1097 665 1173 partibus
688 1098 845 1156 excedens
866 1099 898 1154 et
921 1095 1076 1172 mutilum,
1105 1095 1227 1170 pariter

121 1218 199 1261 uero
222 1204 315 1263 etiam
338 1223 376 1264 ea
401 1223 480 1282 quae
503 1207 561 1266 sub
584 1222 677 1265 aures
701 1206 830 1280 eadunt,
853 1207 984 1263 aeutene
1009 1205 1071 1263 sint
1093 1220 1132 1262 en
1150 1218 1228 1279 gre-

121 1311 174 1369 via
200 1317 253 1372 aut
282 1314 433 1373 iucunda:
466 1316 508 1374 ita
533 1316 627 1374 etiam
650 1329 685 1372 se
708 1310 823 1372 habent
845 1329 938 1372 aures
961 1315 1066 1372 eordis
1092 1315 1125 1372 ot
1146 1312 1230 1372 oculi

120 1421 243 1478 animae
274 1424 307 1481 ut
337 1424 427 1481 deum
458 1423 568 1481 videre
590 1422 723 1498 possint.
767 1422 901 1480 Videtur
924 1423 1004 1480 enim
1027 1423 1104 1481 deus
1127 1420 1167 1478 ah
1190 1420 1229 1478 iis

119 1528 177 1599 qui
206 1533 339 1603 possunt
369 1547 437 1589 eum
469 1532 595 1605 videre,
628 1529 780 1603 siquidem
810 1530 918 1588 oeulos
949 1532 1069 1588 animae
1100 1528 1231 1604 apertos

120 1635 248 1694 habent.
294 1638 407 1697 Omnes
436 1639 516 1697 enim
541 1638 657 1696 habent
680 1638 805 1713 oeulos,
838 1640 894 1697 sed
917 1640 1040 1715 quidam
1064 1636 1229 1713 [ealigine]

122 1744 259 1805 suffusos
290 1765 328 1806 ae
357 1749 435 1807 solis
462 1749 561 1806 lueem
588 1763 648 1805 non
678 1747 831 1806 videntes.
876 1747 984 1822 Neque
1013 1764 1052 1806 ex
1081 1762 1120 1805 eo
1147 1745 1230 1820 quod

121 1856 207 1914 oaeoi
229 1873 291 1915 non
314 1857 442 1915 videant
465 1857 581 1914 ideireo
605 1858 659 1915 lux
682 1857 760 1915 solis
788 1872 849 1915 nou
879 1857 981 1932 lucet,
1010 1857 1067 1915 sed
1089 1855 1230 1931 sibiipsis

122 1965 287 2041 adsignent
315 1968 399 2025 eaeoi
431 1968 463 2025 et
490 1966 555 2030 suis
584 1965 693 2024 oeulis.
738 1965 790 2023 Sie
812 1968 843 2022 et
866 1968 915 2040 tu,
942 1981 966 2022 Ιο
989 1964 1097 2039 homo,
1128 1962 1228 2022 hebes

123 2075 287 2151 [ealigine]
312 2075 446 2134 suffusos
470 2074 578 2133 oeulos
605 2075 725 2132 animae
751 2075 823 2133 tuae
845 2090 902 2149 per
923 2075 1052 2152 peecata
1077 2075 1109 2132 et
1130 2073 1229 2131 malas

121 2183 263 2242 aetioues
292 2185 374 2242 tuas.
421 2183 460 2240 Ut
489 2183 648 2258 speculum
672 2184 836 2259 renidens,
868 2183 910 2240 ita
939 2185 1070 2241 animam
1100 2179 1230 2240 hominis

122 2397 168 2464 lie,
186 2395 271 2447 dicere
289 2397 335 2447 deo
355 2411 430 2447 uero:
459 2396 574 2448 lllumina
595 2410 655 2446 oeu-
692 2392 768 2460 ἔχοι
795 2389 835 2448 u'iv
859 2397 907 2449 nol
926 2395 1063 2449 τὸνθεόν
1082 2394 1120 2463 μή
1141 2392 1228 2448 δύοο-

121 2482 160 2533 los
175 2495 258 2533 meos:
279 2480 378 2532 videres
390 2482 520 2532 nobiscum
533 2496 599 2532 nune
611 2494 657 2546 por
692 2482 761 2532 σθαι
777 2475 919 2547 ὁραθῆναι
932 2485 987 2532 nrt.
1020 2481 1109 2546 lnepte
1123 2478 1229 2531 Wolfius

121 2567 294 2634 speculumin
311 2567 460 2631 aenigmate,
478 2565 657 2633 utpessisri-
692 2564 804 2616 obtrudit
831 2571 919 2618 nostro
945 2567 1001 2615 loeo
1027 2565 1079 2615 rori
1101 2569 1158 2616 ante
1177 2564 1228 2616 dri-

122 2653 183 2704 dere
201 2653 264 2703 faeie
282 2651 313 2703 ad
333 2652 451 2702 lariem.“
693 2651 807 2700 νασθοο.
832 2651 964 2700 hlaranus:
985 2648 1229 2716 „Seribendumpo-

189 2735 216 2791 4.
236 2731 434 2802 δοκιμάζοντες
452 2731 488 2786 τοὶ
504 2730 658 2799 διαφέρον·
693 2735 743 2786 tius
770 2733 862 2786 fuisset
890 2730 921 2786 τὸ
951 2730 1093 2787 δύνασθαι
1121 2729 1229 2788 αὐτοῦ*

122 2819 168 2888 τοι]
196 2821 300 2872 Phrasis
323 2821 385 2872 haee
404 2819 507 2870 Paulina
527 2822 567 2870 est
584 2819 658 2869 Rom.
693 2820 761 2871 Sunt
779 2823 877 2882 autem,
896 2819 994 2884 opinor,
1014 2819 1103 2887 quibus
1120 2832 1229 2888 persua-

122 2906 242 2971 zise
262 2905 327 2958 Phil.
348 2903 486 2970 1‚10.-
514 2905 576 2955 Mox
595 2904 657 2954 Ven.
692 2903 754 2955 dere
784 2918 885 2971 possem
916 2905 1082 2971 Theophilum
1113 2919 1164 2956 non
1192 2901 1229 2957 τοὶ

123 2990 204 3056 εἴποι,
222 2989 265 3042 sed
284 2994 415 3042 corrector
434 2982 451 3056 ἥ
469 3000 545 3055 supra
559 2987 589 3040 εἴ
602 2987 657 3052 (lib.
692 2978 750 3040 ὦτοι
770 2991 903 3057 scripsisse
923 2991 967 3042 sed
988 2984 1023 3042 rui
1043 2980 1103 3042 ὦτοι
1120 2987 1162 3041 toi
1179 2988 1229 3056 τῆς

123 3077 158 3129 11.
177 3093 199 3129 ο.
214 3075 239 3128 2.
256 3092 281 3128 u.
295 3076 326 3141 5)
347 3076 440 3142 posuit.
471 3074 657 3128 ethome.
691 3073 819 3138 καρδίας.
850 3074 927 3126 Addit
945 3071 1097 3136 enimrouis
1115 3070 1229 3140 ὀφθαλ-

121 3163 165 3216 38.
180 3178 206 3214 n.
218 3160 243 3213 1.
271 3162 340 3213 ldem
359 3162 421 3212 lien.
440 3162 497 3211 dein
517 3155 657 3224 toruum,
691 3156 763 3224 μούς
793 3156 876 3219 τούς
905 3160 954 3225 τῆς
979 3162 1080 3228 ψυχῆς·
1125 3161 1229 3212 Attiou-

122 3246 188 3316 quod
206 3250 336 3299 eorreetor
353 3250 450 3297 temere
465 3247 491 3297 in
509 3239 658 3312 ἅρῥοθμον
691 3246 732 3297 lus
751 3238 786 3298 roi
806 3246 837 3296 oh
859 3245 1047 3298 similitudinem
1066 3262 1122 3298 cum
1142 3246 1229 3298 ultima

121 3331 225 3398 (Bodl.)
252 3331 373 3382 mutavit:
401 3330 437 3381 sic
462 3330 522 3382 editi
548 3344 659 3397 quoque.
692 3330 868 3398 praecedentis
890 3333 957 3383 vocis
976 3331 1071 3396 syllaba
1091 3331 1163 3384 facile
1183 3345 1229 3398 po-

122 3417 175 3470 Sed
201 3416 234 3468 ei.
259 3415 302 3467 ΑΙ.
319 3416 468 3467 Buttmann.
497 3415 614 3466 (iromus.
632 3416 658 3465 d.
692 3417 742 3468 tuit
759 3417 875 3469 interire.
1214 3410 1216 3415 '

121 3503 236 3553 meumst.
249 3498 313 3565 Spu.
329 3515 355 3566 p.
367 3499 401 3551 28
408 3514 447 3566 sq.
478 3499 601 3551 Similiter
614 3497 658 3550 Ti-

123 3586 269 3640 schendorl.
294 3585 381 3636 loann.
408 3584 457 3648 19,
484 3583 516 3636 23
544 3599 576 3636 err
603 3582 658 3635 eod.
730 3584 733 3589 '
763 3531 787 3586 6·
816 3529 901 3600 ἔστω]
936 3533 997 3583 ven·
1026 3533 1171 3598 (⁰⁰“0030f
1198 3548 1230 3587 ⁰¹

122 3672 199 3724 Alex.
217 3664 331 3736 ἄραφος
355 3669 477 3736 reposuit.
515 3670 578 3721 Tum
597 3667 660 3720 edili
694 3613 764 3670 mm
789 3632 834 3670 ⁵⁰⁰
853 3635 869 3668 ν
895 3618 1003 3682 ‘mm'
1029 3613 1085 3669 ἔστι
1111 3617 1230 3672 1301111

694 3703 774 3756 Gesn.
793 3703 858 3756 Feli.
880 3702 954 3754 Wolf.
974 3702 1097 3770 llumphr.
1127 3705 1162 3757 Ar
1174 3705 1229 3757 liu.

131 3751 139 3772 ,
241 3753 247 3771 ,
351 3754 356 3765 .
377 3755 382 3766 .

122 3751 194 3821 111119
213 3771 315 3821 1181901
333 3755 422 3806 dum·
694 3803 769 3840 eaeus
789 3787 884 3839 incuria
902 3801 1035 3854 operarum
1053 3784 1103 3855 ἔτι,
1120 3787 1146 3840 11
1164 3788 1230 3853 quod

192 3841 216 3892 5'
243 3833 334 3900 οὕτως
359 3835 416 3936 ἔῗω
438 3829 485 3936 ἓν]
502 3836 659 3938 'Hfumassn‘
693 3873 1059 3942 Mor.erh1ar.receperunr.
1085 3874 1149 3925 Tum
1162 3871 1229 3923 Feli.

122 3925 181 3976 l.·o.
205 3927 292 3990 legere
318 3928 395 3989 gestrt
419 3939 511 3980 ουτος
535 3937 588 3985 εχει
614 3939 659 3982 αν,
695 3963 720 4009 et
739 3959 816 4009 Μ.
836 3953 902 4023 ἀπ’

122 4007 148 4062 id
167 4011 233 4079 quod
251 4011 382 4078 improbo,
406 4005 557 4078 praesertim
583 4020 659 4071 quum

121 4096 171 4149 ieta
189 4094 311 4163 loquendi
333 4095 398 4147 ratio
416 4093 480 4145 inira
499 4108 519 4144 o.
539 4091 554 4142 5
572 4089 658 4142 firme·
764 4090 787 4140 7.
814 4082 923 4158 Obiere]
952 4092 1025 4148 Ven.;
1052 4089 1118 4153 vulg.
1146 4079 1230 4139 οὕτω.

123 4185 182 4233 tur:
215 4170 354 4245 Καθάπερ
385 4172 438 4245 poio
540 4170 660 4235 οὕτως
695 4177 757 4228 ltem
776 4175 859 4242 paullo
878 4182 951 4244 post:
972 4169 1063 4234 οὕτως
1082 4173 1133 4224 dei.

925 3973 974 4009 non
997 3953 1074 4010 oillei.
