2836 4852
552 915 662 978 LIBER
686 917 857 982 TERTIUS.

154 1128 183 1184 1.
206 1075 432 1198 Theophilus
448 1120 607 1208 Autolyco
625 1122 768 1182 salutem.
798 1123 947 1190 Quoniam
965 1121 1138 1198 scriptores
1155 1126 1259 1183 amant

152 1231 304 1309 plurimos
334 1230 434 1289 libros
457 1245 645 1306 componere
673 1231 713 1288 ad
736 1231 855 1289 inanem
878 1229 1030 1306 gloriam,
1060 1229 1115 1288 alii
1137 1232 1176 1290 de
1200 1233 1260 1292 diis

154 1341 187 1400 et
207 1340 302 1398 bellis
323 1344 377 1397 aut
399 1338 613 1416 temporibus,
643 1338 698 1396 alii
719 1339 759 1398 de
782 1338 898 1397 fabulis
922 1337 1083 1396 inutilibus
1106 1342 1261 1403 eaeteris-

154 1465 215 1524 que
244 1441 415 1505 laboriosis
442 1446 671 1520 uugis‚'·quae
704 1448 737 1504 et
764 1450 806 1504 te
825 1446 886 1504 huc
914 1461 1013 1518 usque
1043 1451 1261 1526 exercuerunt,

153 1570 257 1629 neque
285 1555 348 1611 isto
370 1551 482 1611 labore
495 1552 698 1628 perferendo
719 1551 882 1628 fatigeris,
905 1553 962 1611 sed
985 1555 1125 1627 quamvis
1150 1551 1260 1616 nobis·

155 1679 224 1727 cum
248 1639 437 1737 congressus
465 1661 509 1720 sis
540 1664 643 1722 tumen
671 1661 774 1720 adhuc
796 1677 895 1736 nugas
918 1677 990 1720 esse
1013 1663 1179 1723 arbitraris
1200 1666 1260 1725 do-

153 1771 285 1832 ctrinam
308 1769 469 1844 veritatis,
490 1772 634 1829 recentes
657 1771 820 1829 admodum
843 1783 915 1827 csse
938 1770 1112 1846 scripturas
1135 1775 1261 1834 nostras

154 1880 352 1939 existimans:
382 1878 462 1939 hooc
488 1879 528 1937 ob
551 1894 675 1937 causam
697 1894 756 1938 nec
778 1893 838 1953 ego
864 1879 1024 1953 gravabor
1044 1880 1102 1939 tibi
1125 1883 1263 1957 antiqui·

155 1989 251 2048 tatem
280 1988 442 2046 literarum
469 1989 647 2045 nostrarum
676 1986 715 2044 ab
745 1986 866 2062 origine
895 1988 1061 2069 repetitam
1085 1988 1144 2046 deo
1169 1989 1262 2050 dente

156 2113 335 2173 exponere,
364 2096 531 2154 tractatum
559 2095 617 2153 tibi
640 2095 806 2153 conficiens
829 2094 975 2170 brevem,
1005 2097 1040 2154 ut
1061 2112 1128 2156 eum
1152 2098 1261 2174 perle-

155 2222 232 2283 gere
263 2221 324 2264 non
354 2204 507 2281 pigreris,
540 2205 676 2280 ineptias
710 2204 813 2261 autem
845 2204 1040 2263 caeterorum
1074 2207 1262 2282 scriptorum

154 2315 342 2392 perspicias.

243 2425 272 2480 2.
307 2421 482 2497 Oportebat
504 2417 584 2478 enim
607 2419 779 2495 scriptores
809 2420 874 2479 suis
898 2419 997 2489 oculis
1025 2435 1060 2476 ea
1084 2422 1203 2482 vidisse
1224 2427 1263 2484 de

157 2531 268 2607 quibus
294 2529 468 2605 affirmant,
490 2531 543 2588 aut
566 2531 711 2588 accurate
735 2526 771 2586 sb
795 2527 834 2585 iis
857 2527 909 2602 qui
932 2524 1085 2587 vidissent
1106 2530 1264 2593 didicisse.

155 2639 232 2698 Nam
253 2640 307 2714 qui
326 2639 447 2697 incerta
470 2637 610 2696 scribunt
632 2636 858 2711 quodammodo
880 2651 985 2693 aerem
1006 2636 1149 2695 caedunt.
1186 2639 1266 2707 Quid

158 2748 238 2806 enim
267 2747 433 2807 Homerum
465 2746 545 2805 invit
576 2745 658 2819 quod
691 2744 807 2803 bellum
840 2744 1006 2802 Troianum
1033 2745 1199 2821 scripserit
1227 2765 1265 2807 ae

157 2855 273 2917 multos
305 2857 335 2914 in
368 2871 508 2914 errorem
542 2853 716 2927 induxerit,
751 2853 804 2911 aut
832 2850 1001 2911 Hesiodum
1037 2855 1119 2926 quod
1157 2873 1263 2916 eorum

158 2980 237 3041 quos
260 2966 354 3025 vocat
375 2966 503 3023 deorum
526 2961 734 3039 genealogiae
757 2959 870 3018 seriem
892 2963 1104 3039 recensuerit,
1127 2966 1182 3023 aut
1204 2965 1265 3024 Or-

226 3157 253 3211 4.
284 3153 351 3226 ἡμῖν
375 3153 406 3210 ei
431 3154 591 3227 conficimur]
623 3156 692 3207 Ante
797 3154 821 3206 5.
835 3150 1050 3223 ¹ccowrficlormo]
1071 3155 1163 3210 Omisit
1181 3159 1265 3210 Hum-

157 3242 234 3295 huius
257 3244 316 3295 libri
334 3242 403 3294 tertii
422 3243 590 3309 scriptionem
609 3240 692 3291 Auio—
728 3237 785 3306 phr.
805 3253 939 3305 operarum
958 3241 1029 3293 sitio.

158 3325 214 3392 lyco
231 3326 427 3392 disputationem
445 3325 623 3376 intercessisse
638 3338 693 3374 com
800 3323 823 3374 1.
842 3318 878 3376 τὰ
898 3318 990 3390 ἄδηλα
1008 3362 1015 3376 .
1030 3360 1058 3375 ..
1077 3321 1147 3391 cie'pcc
1166 3325 1266 3394 dipos-

160 3410 300 3477 Tireophiio
319 3414 425 3478 apparet
448 3423 480 3460 ex
499 3409 583 3459 verbis
601 3403 695 3459 sciuri-
731 3405 787 3472 σιν]
813 3406 877 3458 ceu.
897 3409 911 3460 1
931 3409 991 3459 Cor.
1011 3407 1041 3472 9,
1060 3409 1101 3460 26.
1127 3438 1159 3450 -
1196 3411 1267 3465 Ediii

159 3513 212 3548 eoo
229 3492 343 3562 μὲντοῦ
356 3491 483 3561 καμάτου
502 3508 582 3559 usque
601 3491 632 3542 sd
645 3488 697 3552 τοὶς
731 3488 852 3558 δέρουσι,
874 3506 924 3543 non
943 3490 1075 3558 δέρουσιν
1094 3495 1196 3561 (vem).

161 3576 227 3644 παρ’
245 3574 313 3647 ἡμῖν
331 3575 451 3647 γραφάς.
485 3578 546 3629 διώ
556 3575 632 3628 finem
650 3590 696 3626 su·
800 3575 825 3626 2.
841 3570 979 3641 ἢὈρφιίι
991 3575 1058 3643 κτλ]
1074 3577 1136 3628 Ven-
1149 3579 1175 3630 in
1188 3595 1268 3647 marg.

159 3669 210 3718 tem
234 3664 291 3716 iibri
316 3662 420 3716 secundi
447 3663 562 3712 hortatus
583 3664 623 3712 est
640 3662 695 3712 Au·
731 3657 781 3710 alit
800 3673 887 3710 menn:
905 3655 1047 3722 dseicfa‘.
1080 3661 1202 3714 Eundem
1218 3680 1268 3716 uu-

159 3749 271 3815 tolyeum
297 3752 326 3799 ot
349 3760 426 3813 saepe
451 3743 630 3810 congrediatur
654 3758 696 3795 se·
732 3755 849 3808 merum,
883 3741 910 3795 oi
941 3740 1100 3808 τριακόσιοι
1131 3742 1267 3813 ἑξήκοντα

161 3845 231 3884 cum:
261 3828 421 3896 Πειρᾶθητι
448 3819 501 3881 οὖν
525 3825 698 3892 ’πυκνότερον
732 3823 814 3880 πέντε
832 3826 912 3892 θεοί,
936 3830 1050 3896 agnoscit
1068 3831 1142 3883 etiam
1161 3832 1186 3880 in
1205 3844 1267 3881 con-

136 3914 324 3984 'cepduiein
352 3915 464 3979 Quorum
486 3911 586 3980 quidem
604 3912 697 3985 ¹verto-
732 3914 820 3978 textu,
846 3913 1053 3980 quemadmodum
1072 3913 1145 3966 Bcdi.
1165 3916 1191 3964 ct
1208 3911 1267 3966 Par.

160 4015 219 4054 rum
238 3993 377 4067 irie-(p‘pio
395 3993 425 4051 ei
441 3994 608 4067 συμβαλών)
632 3995 697 4049 ratio
734 4022 765 4034 -
793 3995 907 4049 lustinus
933 3997 972 4052 De
997 4013 1065 4050 mon.
1092 3996 1148 4049 c.2
1176 3996 1269 4063 (corp.

161 4085 276 4139 hebetur.
313 4084 352 4137 Gi.
370 4083 400 4136 ed
420 4099 442 4136 c.
462 4083 486 4135 3.
507 4097 533 4135 n.
553 4080 594 4134 14.
733 4079 817 4147 spon.
837 4081 891 4134 coi.
909 4083 960 4148 lli)
979 4097 1004 4150 p.
1024 4079 1087 4134 130:
1105 4076 1269 4149 'Oppso'e‚d
