2836 4852
434 267 489 326 ao
513 266 757 328 noromensi
778 269 899 329 tto..1.
1123 332 1126 337 ,
1190 270 1235 336 25'

126 436 235 495 videre
258 435 357 496 deum
390 436 484 495 Ante
508 441 611 498 omnia
632 456 710 499 vero
733 442 885 516 praeeant
905 441 936 498 in
958 442 1053 500 corde
1077 446 1132 503 tuo
1153 445 1233 504 idea

126 546 159 602 et
187 545 279 604 timor
309 546 375 620 dci,
414 549 548 622 tuncque
582 548 662 608 haec
693 548 863 624 intelliges.
915 549 1012 617 Quum
1047 553 1237 628 deposueris·

124 654 258 713 mortale
288 658 320 713 et
342 655 482 715 indueris
503 657 783 734 incorruptionem,
815 662 888 717 tnnc
911 660 1001 718 deum
1028 677 1088 737 pro
1111 663 1233 723 meritis

125 763 258 822 videbis.
303 761 429 823 Excitat
456 766 537 823 enim
566 768 649 827 tuam
672 783 796 826 earnem
817 765 1022 827 immortalem
1044 785 1113 829 cnm
1133 772 1235 831 aalma

126 871 227 931 deest·
243 888 280 933 ac
301 875 375 932 tuno
394 872 498 933 lactus
518 874 702 933 immortalis
724 876 929 935 immortalem
944 877 1086 954 ¹videbis,
1109 879 1137 938 si
1156 895 1237 939 none

125 981 156 1038 ei
176 982 369 1055 credideris,
397 984 430 1040 et
457 984 529 1041 tunc
559 998 732 1060 cognosces
761 987 793 1043 te
815 988 924 1044 contra
945 985 1033 1045 illum
1055 987 1160 1062 inique
1182 988 1236 1051 lo·-¹

124 1091 227 1149 cutum
248 1107 330 1150 esse.

209 1201 239 1258 8.
272 1199 335 1260 Sed
364 1219 425 1261 non
448 1204 551 1262 credis
573 1205 714 1263 mortuos
738 1203 880 1262 excitari.
925 1202 1053 1270 Quando
1078 1221 1131 1264 res
1153 1221 1232 1265 eve·

122 1307 204 1383 niet,
234 1311 307 1370 tuno
330 1311 441 1371 eredes
464 1313 576 1370 volens
605 1312 736 1371 nolens:
772 1314 805 1370 et
827 1314 880 1369 tua
901 1311 982 1370 tides
1005 1312 1037 1370 in
1060 1312 1234 1375 inereduli·

122 1417 199 1485 tatis
230 1419 301 1477 locu
332 1421 561 1495 deputabitur‚-
583 1422 645 1480 nisi
674 1437 753 1481 nanc
783 1420 906 1478 credas.
953 1417 1016 1478 Cur
1037 1437 1116 1480 vero
1139 1423 1233 1483 etiam

121 1541 186 1584 non
202 1527 331 1586 oredist
364 1529 413 1587 An
436 1530 564 1605 ignoras
586 1529 681 1588 rebus
705 1528 846 1588 omnibus
867 1528 959 1586 iidem
974 1529 1126 1603 praeiret
1157 1530 1233 1597 oute

122 1708 176 1760 bec.
195 1707 249 1760 Vol.
264 1709 298 1761 ll.
313 1728 338 1780 p.
352 1709 417 1762 233:
437 1710 569 1776 „Rempta
584 1709 660 1762 lectio
696 1708 797 1759 nomine
811 1705 875 1777 apud
891 1707 1010 1775 antiquos
1026 1711 1165 1776 scriptores
1180 1726 1230 1764 non

123 1806 226 1844 sensum
253 1808 304 1845 non
330 1792 404 1846 mode
431 1793 587 1845 tolerabilem
614 1792 659 1845 sed
695 1790 768 1844 modo
793 1806 972 1843 assensum
1000 1795 1077 1846 rebus
1102 1794 1232 1870 revelatis,

124 1881 150 1929 et
169 1892 226 1930 cum
246 1875 355 1929 efficacia
369 1876 485 1931 'tundit.“
694 1875 739 1927 sed
764 1890 841 1944 saepe
866 1876 942 1928 etiem
966 1880 1053 1930 eorum
1080 1893 1144 1946 quas
1167 1877 1231 1932 ders

190 1962 216 2016 2.
238 1957 344 2031 Ὅταν]
384 1962 464 2027 Vena
498 1961 572 2014 Bodl.
604 1957 656 2018 ὅτι.
692 1960 810 2026 promisit
827 1959 1042 2027 impetrandorum
1061 1941 1254 2016 fiduciam'

124 2047 269 2113 corrector,
288 2050 328 2100 cui
347 2043 416 2101 ὅταν
434 2064 455 2100 c.
473 2047 550 2099 indic.
568 2047 657 2117 displi-
693 2043 828 2110 designari.
866 2044 984 2108 Quamvis
1010 2049 1094 2098 eutem
1120 2048 1228 2101 immane

123 2134 191 2200 cuit,
208 2135 235 2185 in
253 2133 316 2186 Ven.
336 2134 441 2186 mutarit
457 2133 482 2184 in
502 2125 558 2201 ties,
576 2131 657 2185 idem·
693 2127 827 2181 discrimen
847 2130 881 2180 sit
897 2130 965 2183 inter
981 2145 1035 2183 earn
1049 2129 1134 2196 fidem,
1154 2147 1229 2200 quum

124 2231 173 2282 que
199 2217 280 2271 (isan.
306 2219 399 2284 habet,
429 2216 495 2269 uude
526 2218 552 2269 ln
585 2217 657 2270 editt.
692 2215 762 2266 naria
788 2214 952 2280 gubernatori
985 2219 1029 2268 aut
1062 2215 1159 2269 medico
1187 2221 1231 2271 rut

123 2316 214 2362 omnes*
228 2303 339 2356 transiit.
376 2303 405 2356 Si
429 2302 526 2371 quando
553 2318 584 2356 ex
609 2319 657 2355 usu
692 2297 790 2351 doctori
808 2300 939 2362 habemus,
960 2304 1151 2368 utrumquem
1171 2301 1230 2368 deo,

123 2388 267 2453 graecitatis
290 2389 441 2441 recentioris
460 2393 519 2458 post
538 2384 607 2443 ὄιαν
625 2389 657 2441 il·
692 2383 735 2448 oui
760 2385 863 2451 proprie
888 2383 942 2436 filio
968 2399 1019 2436 non
1044 2385 1161 2453 pepercit
1184 2383 1231 2439 sed

120 2471 187 2524 latus
214 2456 255 2526 est
282 2471 370 2525 modus
397 2474 468 2526 verbi
496 2472 656 2539 indicativus,
692 2468 823 2533 pronubis
837 2469 954 2520 omnibus
968 2466 1166 2534 tradiditillum‚
1184 2469 1230 2522 lta·

119 2555 184 2609 illud
211 2557 279 2626 quod
307 2551 342 2611 ἂν
364 2558 442 2611 habet
466 2558 558 2609 incerti
583 2559 657 2624 plene
691 2553 753 2604 bere
778 2551 913 2604 debemus:
941 2551 1036 2602 habent
1058 2556 1142 2605 tamen
1166 2553 1228 2606 baec

121 2643 234 2710 pertinet
251 2641 282 2695 ed
302 2635 349 2696 ὅτε
369 2642 532 2711 particulam,
553 2643 657 2695 verbum
693 2637 808 2704 exempla
834 2651 866 2688 ex
885 2637 999 2704 homenis
1027 2636 1103 2687 rebus
1121 2638 1230 2703 repetita

121 2732 215 2781 autem·
237 2729 321 2795 ipsum
356 2726 484 2780 delinitam
518 2729 657 2780 orationem
693 2735 744 2772 που
769 2735 857 2788 porum
884 2718 1006 2788 ponderis
1030 2719 1062 2772 td
1088 2720 1230 2775 refellendo

121 2812 206 2866 habet.
241 2813 280 2866 cf.
304 2813 446 2867 Hermann.
473 2812 607 2878 naviger.
632 2830 658 2882 p,
693 2806 851 2858 ethnicorum
876 2805 991 2858 dicteria.
1036 2805 1080 2858 Sic
1108 2806 1174 2858 enim
1203 2808 1231 2861 in

122 2895 189 2962 927,
216 2884 302 2950 lllotz.
328 2895 358 2950 ad
385 2897 477 2949 bever.
505 2897 559 2949 Vol.
578 2897 614 2948 ll.
633 2912 657 2963 p.
693 2891 896 2943 christianorum
914 2887 990 2942 tidem
1009 2891 1087 2943 iocari
1103 2891 1229 2958 solebant,

122 2979 245 3049 tuseqq.
269 2979 335 3048 690,
362 2983 459 3034 Winer.
491 2981 607 3034 Grumm,
631 2984 657 3034 d.
693 2975 841 3043 adpetisti,
867 2975 926 3027 dum
952 2989 1039 3040 magna
1058 2979 1179 3041 mysteria
1199 2977 1231 3030 ad

121 3069 235 3119 amaret.
255 3066 319 3134 sps,
345 3066 384 3118 ιιι,
404 3066 427 3120 a,
446 3083 472 3133 p,
487 3056 657 3132 276‚‘'13f0p.
693 3058 845 3113 credendum
869 3064 1029 3127 proponunt,
1054 3075 1068 3112 a
1093 3075 1142 3128 quo
1167 3062 1230 3117 liaeo

121 3149 264 3204 schneider,
282 3152 346 3205 Lex,
361 3167 426 3205 man,
441 3153 468 3204 in
483 3152 515 3205 Ν,
528 3153 558 3205 Τ,
578 3151 617 3204 ed.
631 3152 657 3205 3,
692 3144 785 3197 tradita
807 3147 834 3196 et
852 3143 965 3196 revelata
982 3145 1084 3196 minime
1106 3145 1228 3200 ostende-

120 3249 144 3301 ρ.
171 3230 250 3300 298,’
265 3237 351 3301 ¹trram,
381 3237 449 3289 clav,
474 3237 546 3289 liupr,
573 3238 601 3289 v,
627 3238 656 3290 Τ,
693 3231 759 3280 rent.
793 3227 866 3307 Unde
885 3228 985 3295 celsus,
1003 3231 1135 3297 postquam
1153 3231 1229 3285 Chri·

121 3307 206 3386 apocr,
223 3335 250 3388 p.
268 3319 328 3374 363,
692 3314 788 3366 stiones
807 3313 889 3367 irrisit
913 3312 979 3380 qood
997 3313 1082 3367 dicere
1101 3315 1229 3368 solerent:

188 3403 214 3456 3.
234 3404 283 3458 aut
360 3405 570 3473 λογισθήσεται]
593 3405 658 3459 0011.
692 3393 731 3465 μή
750 3394 870 3462 ἐξέταζε,
897 3391 968 3450 c'ttei
992 3397 1155 3466 πίστευσον,
1181 3399 1230 3454 nul

122 3488 196 3541 llum.
214 3488 241 3556 4,
259 3489 284 3543 8.
301 3489 326 3542 5.
693 3480 821 3550 ἡίιίσιις
838 3499 890 3537 ooo
908 3480 992 3540 curn
1011 3500 1053 3546 σε,
1068 3487 1105 3538 sic
1124 3500 1168 3538 eos
1184 3501 1228 3538 ur-

189 3567 252 3643 bd
266 3574 547 3644 „ipfagppopyetwq
567 3578 597 3629 ln
611 3577 659 3629 pop
694 3574 737 3634 get
755 3569 826 3637 quasi
852 3569 915 3620 baec
941 3584 955 3620 a
981 3569 1028 3623 deo
1055 3570 1146 3622 tradite
1171 3585 1228 3625 esse

122 3665 287 3726 argumento,
311 3662 469 3728 pneumati
487 3663 528 3714 atti
548 3677 658 3730 usurpa·
693 3668 745 3706 non
764 3652 916 3720 probarent:
935 3649 1025 3720 εἰμὲν
1039 3651 1074 3722 δι’
1089 3651 1229 3723 θελήσον-

122 3748 199 3812 runt,
224 3748 252 3797 ut
277 3731 396 3799 clemens
424 3746 497 3799 Alex.
518 3748 614 3800 Strom.
634 3747 658 3799 ll
694 3754 739 3791 w
759 3732 963 3804 ἅποκρίνεσθαί
980 3756 1039 3805 μοι,
1058 3733 1095 3800 o‘c
1115 3735 1148 3794 oti
1167 3742 1228 3794 δια-

122 3828 156 3896 [c.
175 3828 266 3883 2-4.
287 3829 332 3899 61,
358 3831 484 3896 Origenes
511 3847 532 3883 c.
559 3831 659 3884 Gelai
694 3819 855 3892 πειρωμένῳ
875 3819 1047 3891 (πάνταγὰρ
1062 3820 1152 3892 οἶδα),
1173 3819 1230 3878 ἀλλ’

124 3913 230 3984 [p.1o],
249 3916 379 3970 Arnobios
389 3916 415 3966 ll
433 3916 467 3984 [c.
481 3915 587 3984 isqq.]‚
604 3916 659 3968 Eu·
695 3903 732 3970 cic
749 3907 778 3974 ἐξ
797 3910 867 3963 ἴσον·
878 3907 992 3962 πάντων
1011 3910 1171 3979 κηδομένῳ,
1197 3899 1231 3961 εὖ

122 4000 208 4054 sebius
226 4002 348 4069 Prosper.
363 4003 429 4054 ent
449 4001 482 4068 [c.
494 4002 530 4069 51,
550 4002 659 4066 cyrotus
695 3989 730 4047 ire
755 3991 827 4060 ἔχοι·
857 3995 885 4047 εἰ
908 3990 931 4047 d’
958 3990 1011 4049 crin
1036 3991 1229 4062 ἐθελήσουσιν,

121 4084 226 4139 llieros.
253 4087 310 4140 crt.
333 4087 365 4153 5,
391 4087 567 4141 theodoretus
595 4086 660 4140 Λᾶν.
695 4073 751 4135 ἀλλ’
777 4075 890 4146 ἐροῦσιν
914 4072 1008 4148 ὥσπερ
1032 4077 1150 4134 εἰώθασι
1177 4075 1229 4143 Μὴ

123 4170 218 4224 Grsec.
233 4173 255 4238 l,
274 4172 409 4225 observare
427 4187 561 4239 possumus
578 4171 661 4226 iidei
695 4164 819 4232 ἐξέταζε,
839 4164 945 4235 ἀνάγκη
964 4161 1069 4226 αὐτοῦς
1090 4158 1180 4229 reieci
1199 4181 1228 4219 τε
