2836 4852
473 231 857 367 rnomocnmun
1183 293 1220 368 n

107 497 220 569 gnare
257 485 475 551 asseverant
482 502 492 570 ;
529 480 801 570 provident-iam
839 473 908 551 alii
937 480 1115 572 probant,
1152 477 1218 554 alii

108 604 309 692 explodunt
340 606 391 694 (3.
418 605 476 695 7).
530 603 598 689 Qui
625 624 718 675 vero
743 604 831 675 deos
857 623 941 675 esse
966 610 1103 694 negant
1127 620 1217 705 eosg-

108 728 192 817 dam
223 746 306 796 esse
337 749 465 799 rursus
501 727 701 822 affirmant,
736 726 854 818 iisque
883 728 1043 799 incestos
1077 748 1218 813 concur

107 851 205 925 bitus
236 857 272 921 et
306 854 434 940 epulas
466 853 645 925 humanae
678 853 800 924 carnis
832 851 1034 927 attribuunt
1073 852 1124 943 (c.
1157 853 1216 942 8).

106 1015 157 1031 ·-
181 975 471 1048 Christianorum
500 999 591 1048 vero
618 979 785 1048 doctrina
817 982 875 1047 est
903 978 1014 1067 longe
1045 976 1216 1049 sanctior.

107 1099 225 1172 Unum
249 1101 357 1171 deum
382 1120 464 1170 3333
489 1104 644 1174 eredunt
671 1103 822 1192 eiusque
845 1101 1081 1192 providentia
1107 1122 1216 1175 muu-

107 1225 193 1295 dum
224 1226 443 1318 gubernari,
478 1233 516 1297 et
545 1230 592 1298 ab
620 1247 664 1298 eo
692 1229 812 1317 legem
840 1233 1084 1317 acceperunt:
1116 1244 1215 1314 quac

107 1368 214 1437 quam
240 1356 366 1421 333313
398 1352 445 1420 311
477 1355 657 1440 probatur
684 1371 731 1420 ex
757 1351 940 1440 decalogo
968 1349 1067 1421 Mosi
1093 1372 1117 1422 a
1143 1350 1216 1423 doo

105 1474 194 1543 dato
225 1475 358 1562 (3.9).
410 1474 489 1542 Huc
523 1476 667 1545 accedit
696 1481 934 1565 praeceptum
966 1476 1013 1545 de
1044 1472 1216 1557 huntam,-

103 1601 183 1666 tate
211 1596 419 1666 exhibenda
453 1599 605 1668 advenis
638 1598 692 1686 (c.
718 1596 801 1686 10).
852 1598 1098 1689 Apponuutur
1122 1615 1217 1688 pro-

106 1720 301 1810 phetarum
324 1722 530 1801 testimonia
547 1723 594 1792 de
611 1721 836 1813 poenitentia
858 1723 910 1812 (c.
930 1724 1000 1814 11)
1023 1727 1061 1792 31
1079 1718 1218 1792 iustitia

106 1844 239 1933 (3.12)
265 1852 301 1914 31
327 1846 495 1915 castitate
522 1845 662 1935 (313).
716 1844 904 1915 Nonnulla
928 1867 974 1915 ex
1002 1845 1114 1917 Novo
1138 1844 1216 1915 Te-

107 1975 289 2039 stamento
315 1969 502 2040 adduntur
537 1962 583 2039 de
614 1970 766 2040 inimicis
801 1970 999 2061 diligendis
1035 1975 1073 2041 31
1095 1948 1217 2061 gloria

106 2093 205 2161 inani
238 2092 448 2183 effugienda
484 2099 521 2163 et
556 2095 766 2165 obedientia
795 2093 1069 2186 magistratibus
1099 2113 1216 2184 prae·

107 2216 238 2295 stando
270 2217 417 2306 (311).
477 2217 519 2286 13
553 2218 717 2287 homines
751 2219 820 2288 1311
856 2219 1024 2288 doctrina
1055 2217 1217 2287 imbutos

107 2360 179 2409 non
213 2341 348 2409 cadunt
380 2341 539 2410 nefanda
573 2343 644 2412 ista
679 2343 920 2414 humanarum
950 2344 1145 2432 epularum
1177 2347 1216 2410 31

106 2464 395 2555 promiscuorum
418 2467 672 2536 concubituum
693 2465 878 2556 facinora3
910 2465 1019 2535 immo
1040 2469 1218 2535 13313331

106 2587 399 2660 christianorum
432 2588 503 2658 hac
528 2590 565 2659 in
589 2609 631 2658 ra
657 2588 777 2658 cautio
809 2595 849 2656 ut
879 2606 998 2676 neque
1029 2586 1219 2674 gladiato·-

105 2735 187 2783 rum
211 2712 430 2803 spectaculis
453 2713 632 2782 interesse
655 2712 745 2800 ipsis
769 2712 890 2803 liceat,
915 2732 969 2781 ne·
980 2709 1105 2783 caedis
1124 2728 1216 2777 con-

106 2838 174 2907 scii
198 2837 305 2928 11331,
331 2856 450 2923 neque
477 2837 571 2904 alios
595 2836 704 2904 ludos
729 2836 849 2928 obire,
884 2856 928 2904 ne
955 2835 1118 2925 ipsorum
1144 2854 1216 2904 au·

106 2981 170 3031 res
195 2966 258 3032 aut
283 2959 380 3029 oculi
403 2960 692 3030 contaminentur
717 2934 861 3049 (3.15).

209 3084 302 3155 'l'um
336 3081 565 3174 Theophilus
597 3085 733 3172 probat
770 3081 1041 3155 doctrinam
1072 3081 1216 3158 chri·
1362 3156 1365 3161 ,

105 3208 368 3277 stianorum
394 3207 575 3277 minime
602 3212 842 3279 recentem
870 3226 987 3275 3333.

206 3330 367 3401 Primum
398 3337 649 3420 argumentum
681 3331 766 3418 inde
809 3332 908 3401 ducit
948 3330 1047 3419 quod
1081 3329 1216 3425 Graeci

105 3455 196 3531 nihil
230 3475 385 3544 prorsus
424 3455 584 3523 viderint
616 3455 654 3526 ia
684 3455 921 3527 numerandis
955 3454 1079 3523 mundi
1110 3428 1215 3533 anuis

105 3579 247 3672 (316),
273 3599 364 3667 quos
385 3577 585 3648 Christiani
606 3599 653 3647 ex
675 3579 939 3669 prophetarum
962 3579 1215 3648 3333311333-

105 3701 228 3792 gnitos
254 3703 461 3792 11311331(3.
486 3703 569 3794 17),
599 3708 641 3772 ⁴et
667 3703 704 3771 in
727 3705 915 3773 narrando
942 3703 1082 3773 diluvio
1100 3722 1212 3799 bema·

104 3825 230 3895 verint
257 3827 401 3920 (318),
428 3828 527 3916 quod
552 3847 573 3895 a
597 3825 703 3896 Mose
730 3827 914 3924 propheta
940 3825 1214 3929 accuratissime

105 3949 329 4020 describitur
362 3950 512 4042 (319).
573 3948 687 4019 Aliud
723 3958 973 4040 argumentum
1003 3928 1215 4039 suppeditat

104 4073 223 4144 Mosis
247 4076 299 4164 (3.
319 4075 390 4166 20)
414 4081 453 4145 31
473 4073 593 4143 exitiis
614 4073 661 4142 de
684 4074 860 4165 Aegypto
888 4078 939 4165 (3.
959 4074 1031 4163 21)
1063 4078 1217 4144 311313-

930 4199 987 4274 dil
