2836 4852
498 256 555 325 dl)
577 260 930 327 innotuerint-Liui
941 262 997 326 111.
1238 265 1302 332 217

191 423 277 497 dous
300 448 357 494 eos
372 434 378 443 “’
388 433 513 496 edocuit
537 430 723 514 perlegam
747 435 873 497 diosus:
910 432 1108 514 Perepriuum
1131 428 1302 520 uoo'offlt

188 544 288 624 potin
317 562 368 604 eos
388 545 466 604 euim
488 546 584 604 nostis
605 543 738 607 animum
754 545 1021 624 prerepriuir'ipsi
1043 546 1121 604 euim
1141 545 1302 628 perspi-ini

190 654 295 730 fuistis
317 655 350 713 in
372 636 455 713 terre
478 651 624 733 Aepppti.

278 765 328 820 11.
358 761 437 821 Dum
463 764 568 821 autern
591 763 694 838 legem
717 763 756 822 iis
780 780 799 822 a
821 764 881 822 doo
906 764 1009 822 datam
1032 764 1169 839 populus
1192 767 1300 825 trans-

190 871 397 947 grederetur,
426 872 580 947 benignus
613 873 646 928 et
676 872 856 930 misericors
884 873 978 948 deus,
1007 873 1119 931 nolens
1144 890 1201 932 eos
1222 891 1299 950 per*

144 978 146 982 ’
190 980 285 1054 dere,
308 981 634 1055 praeterquamquod
656 981 759 1056 legem
781 980 884 1056 dedit,
907 983 1020 1056 postea
1043 982 1136 1040 otiam
1157 983 1299 1059 prophe-

153 1099 156 1102 “
188 1090 239 1147 tas
261 1088 300 1147 iis
320 1106 361 1147 ex
384 1089 537 1148 fratribus
560 1105 667 1148 eorum
690 1089 791 1166 misit,
821 1089 875 1164 qui
898 1089 1048 1148 docerent
1071 1091 1156 1149 etin
1180 1108 1299 1152 memo-

187 1196 265 1256 riam
287 1201 478 1257 revocarent
506 1200 676 1275 praecepta
703 1199 786 1274 legis
813 1200 908 1272 atque
930 1200 971 1257 ad
996 1191 1220 1275 poenitentiam
1242 1217 1298 1262 eos

187 1311 410 1368 converterent
429 1325 491 1383 quo
512 1307 645 1382 amplius
668 1322 730 1370 non
752 1309 939 1382 poscerent5
970 1307 1017 1365 sin
1040 1311 1143 1367 autem
1167 1311 1198 1367 in
1220 1327 1299 1386 pra·

186 1416 237 1474 vis
260 1417 435 1476 actionibus
456 1418 696 1492 permanerent,
726 1416 986 1491 praenuntiarunt
1015 1416 1087 1475 fore
1119 1420 1153 1476 ut
1182 1420 1298 1494 oaptivi

187 1525 390 1583 traderentur
420 1525 561 1582 omnibus
594 1525 701 1598 regnis
734 1525 861 1582 torrae:
896 1540 976 1598 quae
1008 1519 1146 1598 quidom'
1164 1525 1224 1584 iam
1257 1528 1297 1586 iis

188 1632 335 1691 evenisse
362 1633 394 1690 in
422 1634 547 1707 promtu
573 1632 632 1690 est.
676 1630 724 1689 Do
746 1630 940 1707 poenitentia
960 1632 1056 1707 igitur
1079 1632 1198 1693 lesaias
1219 1651 1298 1712 pro·

186 1740 285 1816 pheta
308 1741 511 1799 communiter
540 1741 663 1814 quidem
689 1755 813 1816 omnes,
842 1741 1022 1799 nominatim
1046 1758 1123 1800 voro
1146 1745 1297 1820 populum

186 1850 375 1925 alloquitur:
416 1850 561 1920 Quaerite
592 1848 762 1920 dominum,
788 1854 819 1907 et
847 1849 880 1909 in
903 1849 1083 1908 inveniendo
1117 1870 1182 1910 eum
1212 1854 1297 1914 iuoo·

186 1966 272 2026 eote3
291 1946 457 2036 postquam
479 1975 549 2017 uero
571 1950 655 2017 vodis
676 1957 991 2035 appropinquaverit,
1014 1957 1168 2038 relinquet
1188 1963 1299 2040 impius

186 2067 252 2125 vias
266 2083 357 2134 suos,
381 2074 410 2123 et
432 2066 478 2124 vir
500 2066 620 2144 iniquus
643 2066 850 2144 sopitatioues
869 2085 955 2134 suos,
986 2074 1017 2126 et
1038 2075 1233 2128 eououtotun
1253 2069 1298 2129 od

187 2171 358 2241 domiuum,
381 2181 412 2234 et
431 2173 673 2234 misericordium
694 2181 900 2252 consequetur,
924 2177 996 2254 quoio
1017 2164 1298 2239 multunrelinrittet

182 2290 318 2361 peceato
340 2291 449 2344 oestro.
494 2283 534 2342 ut
557 2284 638 2342 alius
661 2281 817 2358 propheta
839 2281 988 2342 Ezechiel
1012 2285 1073 2342 ait:
1116 2287 1153 2346 Si
1175 2289 1297 2368 iniquos

185 2391 329 2450 everterit
356 2410 387 2450 se
413 2393 450 2452 ob
473 2392 607 2451 omnibus
627 2390 839 2471 iniquitatibus
861 2411 935 2470 quos
957 2394 1035 2470 feeit
1059 2401 1090 2453 et
1111 2395 1295 2457 custodierit

183 2507 353 2578 praecepto
374 2519 440 2560 meo
463 2507 492 2559 et
513 2502 627 2578 feeerit
647 2486 881 2578 iustificationes
900 2518 998 2568 meus,
1021 2501 1149 2560 uiuendo
1170 2504 1247 2563 vivet
1266 2515 1296 2565 et

185 2626 247 2667 nou
268 2609 431 2679 mariolum
463 2628 563 2670 omasus
590 2609 767 2688 iniquitates
789 2608 851 2667 eius
874 2626 948 2686 qeeos
970 2609 1048 2685 fecit
1066 2627 1128 2667 nou
1148 2622 1297 2672 memoro·

185 2717 311 2785 buntur,
341 2718 396 2777 sed
417 2719 536 2778 iustitia
560 2738 649 2798 quom
669 2717 749 2795 feeit
771 2717 867 2783 uiuet,
898 2716 970 2794 quio
992 2714 1065 2775 uolo
1087 2727 1212 2778 mortem
1235 2722 1295 2781 ini-

186 2827 256 2906 qui,
288 2826 370 2886 dicit
397 2825 568 2896 deotimus
585 2833 761 2887 ut.uoertot
783 2825 926 2885 suavia
952 2845 1006 2884 suo
1032 2823 1114 2885 molo
1143 2835 1173 2888 et
1200 2831 1294 2891 oioot.
1319 2852 1321 2856 ·

184 2935 305 2996 Rursus
328 2935 465 2996 lesaias:
501 2935 726 2998 'Convertimiui
748 2935 800 3014 qui
817 2932 1009 3012 profundum
1031 2932 1187 2995 consilium
1210 2939 1296 2999 inuitis

185 3051 216 3103 et
245 3045 397 3123 iniquum,
429 3055 461 3105 ut
491 3044 657 3106 salvemini.
713 3043 754 3102 Et
787 3043 868 3135 alius
906 3043 1091 3120 [propheta]
1128 3044 1294 3106 Ieremias:

184 3313 286 3378 phetae.
325 3313 388 3364 Duo.
413 3315 489 3367 Wolf.
515 3315 577 3365 liar.
602 3331 721 3380 προανε-
827 3314 851 3365 7.
869 3313 937 3383 ζωῇ]
959 3313 1022 3366 Ven.
1046 3314 1081 3366 At
1099 3314 1171 3368 Bodl.
1191 3321 1217 3368 et
1234 3317 1295 3370 editi

186 3394 317 3465 φώνησεν
336 3400 386 3463 (sc.
405 3398 496 3464 deus),
522 3399 547 3450 id
567 3399 633 3466 quod
652 3398 722 3450 eodi—
740 3447 742 3452 ,
757 3398 820 3460 ζῶν.
856 3400 915 3451 Par.
934 3399 988 3463 ζῶν
1006 3395 1132 3467 gneneus.

184 3482 297 3535 litim
315 3487 429 3534 illenim*-
825 3500 850 3553 8.
870 3496 1012 3567 ἐποίησεν]
1033 3502 1113 3568 Ven.;
1133 3491 1200 3568 vulg.
1220 3511 1293 3557 -σε,

255 3568 280 3622 4.
301 3564 386 3635 ἐστιν]
413 3569 477 3620 Ven.
497 3572 524 3618 et
541 3566 630 3636 Bodl.;
653 3568 721 3633 vulg.
758 3595 760 3600 ·
824 3617 849 3670 9.
874 3615 923 3686 ὥς]
951 3620 1014 3671 ven.
1040 3619 1114 3669 Boffl.
1142 3620 1200 3674 Par.
1240 3578 1293 3674 sed

184 3649 269 3788 ἔπιέ
308 3739 329 3788 Ζ
358 3731 384 3749 ,,
560 3730 566 3750 ,
600 3737 612 3750 ,
758 3701 1294 3773 Gesnltuudloulllar.Humphr.oiii',

272 3772 279 3786 ·
331 3749 450 3803 'imm
469 3774 500 3787 '¹
523 3773 528 3786 '
550 3737 641 3803 vm]
669 3737 720 3790 m
755 3779 1105 3846 Fe11.etw01s.dtt’ois·

184 3820 228 3886 55,
247 3819 317 3886 fisq.
336 3849 369 3858 --
404 3821 467 3871 Ven.
489 3824 514 3871 et
532 3820 605 3872 Bodl.
625 3818 722 3872 tuouu—
756 3846 759 3854 ·

184 3902 329 3958 λέσασθαι.
825 3901 866 3978 10.
891 3900 1099 3972 Ἐπιστράφητε
1119 3943 1125 3955 .
1144 3944 1150 3956 .
1169 3943 1175 3955 .
1194 3902 1293 3971 σωθή-

254 3988 278 4041 6.
297 3985 362 4042 'Eois
446 3983 546 4056 αὐτόν]
567 3989 661 4041 Erech.
679 3990 721 4056 18,
757 3988 851 4055 neoda]
877 3989 927 4042 les.
945 3990 995 4055 31,
1008 3992 1037 4054 li.
1074 3991 1156 4042 Deest
1174 3990 1221 4041 ἵνα
1239 4004 1293 4041 σω-

182 4073 308 4128 Ι11-23.
344 4075 430 4127 Paullo
455 4073 572 4127 aliteroi
592 4071 630 4140 o‘,
656 4089 720 4142 quos
755 4070 882 4140 θήσεσθε
902 4091 940 4143 ap.
959 4076 1035 4129 Lxx.
1071 4078 1101 4128 ln
1122 4075 1184 4127 Ven.
1204 4085 1292 4126 eorre-

184 4159 251 4211 vide.
756 4164 811 4213 otor
830 4177 844 4214 e
860 4161 886 4213 in
903 4179 922 4228 η
940 4163 1059 4227 nutarit,
1078 4156 1247 4226 σωθήσησθε
1265 4163 1293 4212 ut
