2836 4852
267 251 706 317 complasmabant
727 248 967 313 EVANGELIA
986 249 1064 314 ΠΒ.
1084 252 1138 317 lli.
1189 251 1251 319 317

856 349 884 419 Ι

153 427 287 489 Vooavit
308 429 415 504 itaqua
438 427 516 486 duos
540 427 579 486 de
600 425 742 503 plurimis
766 422 956 484 debitoribus.
1001 417 1178 504 62Ριί-ιιιιιε,
1201 431 1254 509 qui

154 538 280 600 debebat
295 523 420 599 'ceolum
441 537 527 598 botos
557 525 720 624 abigens
742 534 895 594 videlicet
920 534 1075 611 significat
1101 537 1154 611 qui
1181 537 1253 597 fue·

152 650 225 708 rant
256 664 296 707 ex
325 647 470 724 gentibus
502 645 711 725 congregandi
741 646 781 709 at.
802 644 854 703 dai
884 644 1098 703 misericordia
1128 647 1253 723 indige·

152 759 247 818 baut:
276 751 353 816 6³ao
381 756 623 817 ducentenario
646 768 789 835 numero,
820 755 872 829 qui
902 752 1063 830 perfectus
1087 734 1152 831 est,
1177 754 1254 816 iecit

153 883 210 926 cos
233 866 371 926 scribere
394 867 682 947 quinquepenoriom
702 859 898 924 ⁶⁴numernm
917 863 1149 923 convenientem
1172 881 1253 941 pos·

152 977 338 1053 nitentibus,
370 977 457 1037 iuxta
477 975 643 1035 iubilaenm
669 977 701 1034 et
721 976 808 1035 illam
829 974 862 1032 in
884 973 1049 1049 evangalio
1070 973 1253 1049 parabolam

152 1087 184 1145 in
207 1102 268 1162 qua
288 1087 381 1145 alteri
408 1081 668 1163 ⁶“quinquaginta
690 1085 810 1145 denarii
832 1084 1037 1143 remittuntur.
1080 1082 1254 1145 Secundum

153 1196 256 1255 autem
277 1197 403 1255 vocavit
426 1194 573 1273 populum
602 1195 802 1270 ludaeorum,
833 1194 887 1270 qui
915 1188 1067 1271 66ριιὸιιὶο
1089 1195 1255 1255 mandato-

152 1323 219 1366 rum
242 1306 293 1365 dei
314 1307 448 1366 nutritus
472 1307 557 1382 arat,
585 1307 618 1365 et
638 1305 774 1365 debebat
799 1304 828 1362 ei
852 1304 1055 1362 centenarium
1077 1319 1252 1363 numerum:

154 1410 283 1492 ⁶⁷quam
305 1416 411 1492 coligit
439 1421 473 1474 nt
496 1416 534 1474 do
557 1432 595 1474 eo
618 1414 746 1474 iaceret.
763 1413 939 1490 oetopiota,
970 1411 1002 1471 id
1031 1413 1081 1470 est
1109 1413 1254 1473 crederet

154 1502 187 1584 iu
209 1525 323 1584 domini
345 1523 623 1599 resurrectionem,
650 1492 736 1598 uuae
761 1524 890 1580 octavae
919 1520 981 1579 diei
1002 1537 1129 1582 numero
1152 1525 1254 1583 conti-

153 1636 246 1692 netur
268 1628 338 1693 ⁶⁸et
359 1635 430 1693 octo
453 1632 622 1692 decadibus
646 1632 835 1710 completur,
864 1633 897 1690 ut
919 1631 958 1690 de
981 1632 1113 1691 sabbato
1136 1635 1254 1694 transi-

154 1745 205 1803 ret
224 1744 265 1802 ad
288 1744 418 1820 primam
439 1741 573 1800 sabbati.
618 1739 765 1801 Obbane
794 1757 918 1799 oausam
946 1757 966 1799 a
994 1742 1117 1800 domino
1147 1739 1253 1805 69οοΙ-

155 1850 301 1913 laudatur
332 1851 416 1933 quod
443 1851 514 1911 bene
542 1852 655 1930 fecerit
684 1852 717 1909 et
745 1867 804 1927 pro
834 1851 935 1908 saluto
964 1867 1020 1913 sua
1043 1851 1074 1909 in
1095 1856 1253 1932 evangelii

155 1963 347 2022 clementiam
376 1962 416 2021 de
446 1961 526 2037 legis
556 1955 780 2020 ⁷⁰auotoritato
807 1962 943 2020 mutatus
965 1961 1016 2020 sit.
1059 1946 1253 2024 ⁷¹ldeo'au-

155 2074 217 2133 tom
243 2074 376 2131 vocatur
404 2069 521 2131 villicos
551 2070 722 2152 iniquitatis
752 2049 842 2147 onia,
872 2070 947 2131 licet
979 2057 1058 2130 bene
1092 2072 1255 2154 offerebat,

154 2198 216 2242 nou
237 2182 316 2241 beno
339 2183 441 2240 tameo
463 2180 640 2259 dividebat,
661 2182 794 2241 credens
816 2173 977 2257 ⁷²quidem
1000 2182 1031 2240 in
1053 2184 1174 2257 patrem
1195 2185 1253 2244 sod

153 2293 251 2352 lilium
280 2307 491 2368 persequens,
520 2290 641 2348 babens
668 2291 757 2350 deum
788 2291 1028 2366 omnipotentem
1056 2293 1112 2351 scd
1140 2286 1253 2352 ⁷³san·

156 2403 237 2484 ctum
264 2401 406 2478 spiritum
433 2415 564 2483 negans.
608 2397 798 2458 Prudentior
825 2399 931 2474 itaque
954 2399 1013 2458 suit
1034 2400 1152 2460 Paulus
1172 2415 1254 2479 apo-

156 2510 256 2569 stolus
287 2490 318 2567 in
340 2509 592 2586 transgressione
623 2507 704 2584 legis
733 2505 814 2588 ῄὶἱίε
838 2508 990 2583 quondam
1019 2505 1110 2580 lucis,
1144 2512 1196 2586 qui
1223 2513 1254 2569 in

156 2620 237 2701 legis
267 2619 489 2678 observatione
520 2617 640 2677 versati
670 2614 839 2695 Christum,
871 2618 922 2694 qui
956 2614 1005 2677 dei
1036 2619 1138 2695 patris
1165 2614 1254 2680 nest

155 2746 264 2789 vorum
286 2728 405 2806 lumen,
435 2728 649 2804 perdiderunt.
692 2720 795 2797 ”Qut
813 2725 916 2808 fidelis
938 2734 982 2787 est
1003 2728 1036 2787 io
1058 2729 1197 2800 minimo,
1220 2731 1253 2791 id

156 2841 207 2898 est
228 2838 258 2896 in
282 2835 475 2912 carnalibus,
504 2842 534 2896 et
555 2837 587 2894 bc
608 2833 709 2896 multia
729 2834 833 2915 fidelia
856 2837 929 2906 erit,
955 2834 1012 2898 boc
1034 2839 1134 2898 estin
1156 2842 1253 2918 spiri-

208 3001 251 3054 62.
270 3002 370 3055 Primus
384 2999 445 3069 etc]
465 3001 498 3054 H.
512 3002 630 3069 Primum,
645 3000 687 3069 qui
774 2999 815 3054 68.
842 3007 868 3055 et
886 3008 943 3056 octo
966 3003 1022 3056 dec.
1047 3005 1148 3073 compi]
1176 3006 1209 3059 H.
1221 3012 1253 3077 ¹el

216 3087 274 3149 olei,
293 3086 583 3154 cosvidelicetquictc.
611 3087 686 3139 bion:
721 3087 752 3140 de
774 3092 831 3142 octo
848 3089 987 3156 completur
1005 3089 1145 3144 decadibus.
1175 3093 1251 3145 bion:

158 3173 304 3238 congregati
330 3175 356 3224 et
372 3187 460 3238 magna
477 3170 623 3239 indigebant
638 3173 688 3225 mi·
721 3171 752 3224 do
770 3173 872 3225 sabbato
891 3172 963 3240 legis.

157 3258 295 3312 sericordia
313 3256 363 3311 dei.
771 3258 813 3310 69.
833 3259 1011 3328 collaudatur]
1027 3260 1060 3313 Η.
1071 3263 1251 3329 praedicator.

208 3339 249 3400 63.
268 3341 308 3410 ac]
327 3342 361 3395 H.
381 3347 414 3394 et.
441 3341 517 3395 Tum:
536 3344 577 3411 qui
597 3343 687 3412 plenus
772 3343 814 3397 70.
833 3346 992 3414 auctoritate]
1015 3347 1047 3399 Η.
1066 3349 1224 3400 austerilalc.

157 3432 197 3480 est
214 3432 288 3494 atquo
307 3425 443 3492 perlectus.
773 3430 813 3482 71.
831 3428 892 3482 ideo
956 3430 1092 3500 dividebat]
1109 3434 1142 3484 H.
1156 3433 1252 3499 Quodsi

208 3509 248 3564 64.
263 3508 405 3576 numerum]
415 3511 547 3563 H.omisit.
566 3510 688 3578 ldempro
722 3515 861 3581 quaesieris
876 3529 955 3583 quare
969 3520 1072 3568 vocetur
1085 3519 1192 3570 villicos
1207 3521 1252 3571 io-

157 3589 367 3664 „conveulenlem
385 3595 592 3662 poenitenlibus“
612 3611 688 3664 prae·
721 3600 843 3666 iqor'tntis
856 3601 886 3663 ¹iu
904 3600 960 3664 lege
979 3616 1041 3667 quae
1065 3601 1105 3654 dei
1124 3609 1176 3655 esl:
1202 3605 1253 3659 ini·

157 3683 200 3734 bat
218 3682 281 3749 „qui
298 3681 401 3749 proprio
419 3681 600 3748 poenitentium
619 3681 688 3736 est.“
723 3698 786 3750 quus
805 3689 861 3736 erat
878 3684 989 3752 villicus,
1008 3686 1050 3753 qui
1068 3687 1133 3739 bena
1152 3689 1251 3757 quidem

210 3765 251 3820 65.
285 3767 463 3834 quinquaginta
495 3765 552 3818 den.
581 3765 688 3834 remitt]
723 3767 1055 3823 offerebatsednonbeno
1073 3772 1207 3828 dividebat.

158 3852 220 3904 Luc.
246 3852 278 3917 7,
302 3850 344 3903 41.
386 3850 420 3903 H.
452 3851 584 3918 quingenti
615 3851 688 3904 alteri
772 3851 814 3905 72.
834 3853 945 3923 quidem]
966 3855 1040 3923 Apud
1058 3847 1091 3912 ll.¹
1110 3858 1190 3912 deest.

158 3937 336 4004 quinquaginta
356 3934 413 3987 den.
433 3934 600 3988 dimittuntur.
772 3936 814 3990 73.
841 3945 920 3994 sanct.
939 3941 1013 4010 spir]
1048 3945 1079 3997 ll.
1104 3946 1165 4014 spir.
1190 3961 1250 3998 san-

208 4019 250 4074 66.
269 4020 379 4090 pabulo]
399 4020 432 4073 H.
451 4022 551 4077 tritico.
721 4027 796 4078 ctum.
973 4053 976 4058 -

208 4105 251 4161 67.
270 4104 355 4175 quem]
382 4105 415 4158 11.
443 4109 477 4160 et.
519 4106 631 4162 Deinde:
659 4111 687 4162 ut
772 4107 813 4160 74.
834 4113 880 4160 est.
899 4126 923 4162 v.
942 4110 972 4179 l.]
992 4113 1024 4164 Η.
1044 4130 1068 4166 v.
1088 4113 1104 4165 l.
1123 4119 1170 4166 est.

156 4191 187 4246 de
205 4195 305 4246 centum
324 4192 450 4258 octoginta
469 4192 574 4248 laceret.
771 4192 813 4248 75.
833 4194 885 4260 Qus
902 4195 963 4264 etc]
982 4183 1103 4267 Lucili,
1121 4198 1230 4254 10-12.
