2836 4852
155 308 266 361 xnvm
518 286 896 375 oaohueonmun.
1032 396 1033 399 p

156 488 283 546 eorum
318 494 412 564 quae
441 477 706 567 praedixerunt
731 477 793 569 (o.
819 478 877 568 9).
927 475 974 548 lli
988 496 1138 549 summo
1164 497 1258 549 eou-

156 614 266 671 sensu
289 602 492 672 docuerunt
516 604 688 675 muudum
710 623 733 673 a
757 605 828 673 d'eo
852 610 922 693 per
944 605 1057 693 logon
1076 623 1123 672 ex
1141 604 1257 675 nihilo

155 728 318 813 creatum
342 726 457 797 fnisse
483 729 533 817 (e.
546 729 637 819 10).
689 724 790 819 Opus
814 748 880 798 sex
908 729 1050 800 dierum
1073 730 1258 800 describi-

154 856 215 922 tur
237 853 275 922 in
302 854 397 923 libro
428 851 580 924 Genesis
615 855 666 945 (o.
692 855 775 943 11).
818 854 915 925 lude
939 829 1140 944 scriptores
1155 875 1258 945 ¹gen-

154 978 239 1047 tiles
259 979 433 1049 nonnulla
456 978 667 1074 hauserunt,
696 982 764 1050 sed
788 1001 833 1050 ea
857 1000 986 1050 errore
1011 987 1259 1070 corruperunt

155 1105 206 1195 (o.
232 1106 312 1195 12).
362 1103 440 1175 lam
464 1104 690 1195 Theophilus
730 1108 837 1196 plura
874 1104 1025 1195 exponit*
1058 1105 1103 1174 de
1137 1105 1258 1175 tribus

153 1230 279 1319 primis
317 1230 464 1300 diebus:
499 1207 637 1301 scilieet
668 1232 757 1301 deus
787 1231 927 1301 initium
962 1228 1063 1300 ducit
1095 1231 1142 1300 ah
1173 1231 1258 1320 ipso

155 1356 327 1454 eulmin03
353 1355 521 1446 spiritum
540 1358 653 1426 rebus
680 1357 833 1444 creatis,
864 1362 906 1426 ut
932 1357 1086 1427 animam
1107 1356 1256 1451 homini,

154 1481 301 1573 tribuit3
336 1469 489 1574 terram,
517 1482 620 1570 aquis
647 1483 815 1576 remotis,
851 1488 959 1553 ornat
983 1481 1109 1552 herbis
1138 1482 1255 1552 semi-
1316 1573 1319 1578 Ι

154 1611 260 1681 nisus
291 1607 425 1698 plantis
461 1608 514 1696 (a.
538 1608 619 1699 13).
659 1607 723 1677 «ιιι
755 1608 813 1677 ms
847 1607 1025 1679 odoenus
1060 1593 1258 1698 imaginem
1357 1686 1360 1691 ,

153 1733 454 1835 resurrectionis,
491 1734 529 1802 in
566 1735 658 1804 mari
696 1734 888 1824 imaginem
924 1733 1047 1804 mundi
1087 1733 1139 1823 (c.
1171 1733 1252 1823 14).

89 1845 90 1848 “
152 1861 290 1931 Variae
323 1835 635 1928 considerationes
669 1860 716 1929 de
746 1859 791 1928 iis
822 1877 915 1948 quae
945 1863 1076 1947 quarto
1105 1858 1158 1948 (e.
1182 1858 1253 1948 15)

27 2002 32 2075 j
153 1992 191 2056 et
214 1985 336 2075 quinto
364 1984 415 2072 (o.
444 1983 512 2073 16)
549 1989 586 2053 et
611 1989 725 2054 sexto*
743 1984 801 2052 die
826 1990 952 2054 ereata
981 1988 1065 2053 sunt
1094 1983 1145 2073 (o.
1170 1982 1253 2074 17).

88 2183 91 2188 ,
151 2110 313 2182 Hominis
335 2109 472 2177 creatio
501 2109 687 2198 singulare
721 2095 912 2199 quidpiam·
938 2107 1052 2178 hahet
1083 2107 1254 2200 (0³18J:

151 2258 197 2308 ea
227 2230 437 2306 declarator
473 2239 510 2303 et
541 2234 649 2305 homo
677 2234 721 2303 in
754 2234 930 2325 paradiso
962 2236 1165 2308 collocatur
1201 2227 1254 2323 (o.

151 2364 235 2454 19).
286 2360 529 2451 Apponuntur
555 2380 649 2450 quae
671 2361 828 2430 iu²libr0
857 2359 1010 2429 Genesis
1026 2358 1267 2428 reseruntur.

152 2492 199 2561 de
220 2480 407 2580 paradiso,
432 2484 534 2556 Evae
555 2486 773 2557 formatione
786 2488 844 2579 tc.
862 2487 939 2579 20),
964 2484 1119 2554 hominis
1144 2485 1254 2572 lapsu

152 2615 289 2710 (0.21).
341 2611 445 2698 Quod
476 2613 567 2681 deus
597 2614 803 2685 ambulasse
831 2612 869 2681 in
900 2610 1075 2702 paradiso
1109 2608 1253 2702 dieitur,

150 2743 189 2813 id
212 2736 440 2829 Theophilus
468 2739 577 2807 dooet
598 2739 644 2808 de
667 2740 755 2829 logo
774 2739 851 2808 eius
871 2736 1146 2826 intelligendum
1168 2740 1252 2802 esse

150 2869 197 2960 (o.
224 2866 300 2953 22).
359 2862 564 2931 Veritatem
602 2868 723 2948 autem
756 2883 881 2933 eorum
917 2863 1084 2953 quaein
1117 2859 1253 2931 Genesi

149 2996 348 3062 narrantur
370 2985 600 3056 manifestam
627 3006 710 3058 esse
738 2989 963 3080 demonstrat
986 2990 1034 3058 ex
1059 2970 1252 3057 mulierum

39 3150 41 3154 ·
149 3111 427 3207 parturientium
460 3113 647 3189 doloribus
682 3100 719 3183 et
750 3095 931 3206 serpentis
962 3118 1061 3185 statu
1098 3113 1145 3204 (o.
1173 3111 1250 3201 23).

16 3329 20 3336 Ι
147 3240 240 3331 lam‚‘
276 3244 470 3328 postquam
498 3239 661 3328 paradisi
687 3246 855 3311 ornatum
873 3238 1076 3330 ‘descripsit
1101 3238 1148 3329 (c.
1171 3236 1250 3331 24),

149 3366 284 3457 prohat
298 3364 666 3435 accusandum-deum
687 3386 759 3462 non
779 3387 862 3437 esse
885 3366 984 3455 quod
1004 3364 1105 3454 ligno
1127 3363 1251 3433 scien·

127 3491 223 3561 tiae
248 3488 429 3561 A'damom
452 3489 683 3579 prohibuerit
709 3494 756 3584 (c.
778 3491 843 3582 25)
869 3497 932 3561 aut
955 3483 1251 3580 praevaricatori

42 3696 44 3700 ³
103 3683 106 3690 ,
150 3622 304 3687 mortem
319 3615 492 3712 inflixerit
508 3616 555 3708 (e.
573 3618 660 3708 26):
685 3638 754 3687 neo
774 3618 966 3687 mortalem
983 3615 1164 3686 Adamum
1181 3634 1252 3683 nec

148 3724 388 3814 immortalem
413 3737 533 3812 creari
560 3763 629 3833 par
650 3749 745 3836 erat,
766 3743 840 3814 ,sed
866 3748 1042 3833 capacem·
1059 3741 1249 3829 utriusque

101 3925 121 3958 ⁵.
148 3870 195 3961 (e.
217 3867 293 3957 27).
342 3864 491 3937 Eiectos
513 3855 687 3958 paradiso
712 3869 875 3939 Adamus
900 3865 1072 3958 cognovit
1094 3882 1247 3936 uxorem

149 4012 269 4087 suam,
301 4011 407 4082 quam
439 4006 486 4060 ex
500 4090 503 4095 ι
519 3992 597 4076 eius
627 3998 729 4064 costa
758 3997 847 4065 dous
878 3979 1122 4086 formaverat,
1146 3978 1187 4097 ut
1210 3995 1248 4059 et

127 4117 413 4209 *singularitatis
446 4117 505 4186 dei
535 4123 786 4209 argumentum
820 4120 1013 4192 exhiheret
1044 4123 1081 4189 et
1115 4115 1247 4188 conio·-
