2836 4852
468 253 792 327 theoreticen
814 257 894 325 hle.
912 257 952 321 11.
1202 257 1264 325 125

156 432 197 494 de
226 431 328 507 terre,
359 443 401 489 ex
430 444 490 504 qua
518 427 622 489 taetus
648 431 735 508 erat,
761 429 792 489 in
821 405 1017 508 paradisum,
1044 429 1213 491 enbiieiena
1236 432 1266 492 el

154 540 299 602 stimulor
320 537 514 616 proficiendi,
534 541 569 597 ut
590 555 765 616 augescens
784 540 816 598 et
835 540 959 598 tandem
979 537 1151 616 peuieetua,
1173 540 1265 601 immo

155 664 234 709 vero
255 649 348 707 etiam
371 648 449 706 deus
473 646 670 724 declaratus,
691 647 736 706 aie
758 647 788 706 in
810 648 932 707 eoelum
954 648 1164 708 adscenderet
1182 652 1297 728 (me-‚

156 759 227 819 diua
251 756 331 816 enim
353 755 446 814 homo
469 754 572 814 faetus
595 757 681 832 erat,
703 772 762 815 nee
786 757 910 816 omuino
932 756 1074 816 mortalia
1094 773 1152 817 nee
1169 774 1265 834 pror-

157 883 211 928 eue
233 863 436 939 immortalis,
459 864 516 941 sed
539 864 701 940 utriusque
723 881 841 941 eapax:
865 866 1011 924 similiter
1035 866 1068 923 et
1086 867 1265 944 paradisus,

156 977 302 1052 quantum
325 974 365 1032 ad
387 971 665 1049 pulchritudinem,
695 974 816 1042 medius
844 973 927 1033 inter
949 974 1071 1033 eoelum
1094 976 1127 1032 et
1147 976 1266 1034 terram

154 1084 258 1145 iaetus
287 1086 372 1160 eat),
406 1082 528 1141 hahens
558 1083 788 1141 aeternitatem.
841 1082 929 1151 Quod
959 1085 1062 1142 autem
1093 1081 1138 1140 ait
1168 1083 1266 1155 [eori-

152 1195 261 1271 ptura]
285 1199 319 1252 ot
343 1198 529 1270 operaretur,
552 1192 725 1262 nonaliam
740 1208 877 1267 ‘operam
901 1188 1056 1267 signifieat
1071 1207 1160 1266 quam
1177 1207 1266 1249 man·

155 1303 222 1365 dati
241 1302 337 1361 divini
358 1301 542 1376 eustadium,
567 1317 606 1359 ue
625 1301 655 1360 ai
675 1301 759 1359 dieto
782 1299 912 1358 audiena
935 1314 995 1357 non
1018 1301 1105 1357 esset
1126 1300 1266 1377 aeipaunr

154 1412 323 1490 perderet,
345 1410 601 1485 quemadmodum
625 1411 657 1467 et
681 1409 821 1488 perdidit
842 1410 975 1484 propter
998 1409 1170 1483 peceatum.

242 1520 294 1578 25.
321 1517 440 1577 Bonum
461 1518 585 1592 quidem
608 1519 678 1575 erat
698 1517 987 1593 seientiaesslignum
1010 1515 1174 1590 bonusque
1197 1517 1265 1576 eius

154 1629 291 1689 fruetus.
337 1625 406 1685 Non
428 1627 527 1703 euim,
549 1624 583 1684 ut
606 1625 729 1700 quidam
753 1625 951 1700 existimant,
979 1622 1172 1685 mortiferum
1197 1627 1267 1693 erat

154 1738 292 1814 lignum,
321 1735 378 1794 aed
407 1735 545 1794 mandati
564 1733 839 1810 ,praetergressio
883 1734 980 1793 Aliud
1009 1734 1089 1793 euim
1112 1751 1173 1793 non
1196 1737 1267 1795 eret

152 1847 185 1906 iu
209 1846 300 1926 ligno
332 1843 392 1902 uisi
423 1843 564 1902 seientia.
610 1841 696 1914 Bona
719 1845 822 1900 autem
854 1844 933 1916 [est]
958 1843 1107 1919 seientia,
1137 1844 1164 1902 ai
1194 1845 1265 1918 quia

153 1970 193 2016 ea
223 1957 297 2032 apte
326 1955 441 2013 utatur.
494 1951 608 2010 Aetate
641 1952 743 2010 autem
773 1950 825 2008 hie
852 1950 992 2010 Adamns
1028 1952 1130 2012 adhue
1160 1951 1265 2012 inians

154 2065 241 2139 erat5
264 2066 459 2138 quapropter
481 2061 616 2121 nondum
637 2060 769 2119 idoneus
793 2062 863 2118 erat
886 2060 938 2135 qui
963 2060 1125 2120 seientiam
1147 2066 1182 2122 ut
1204 2078 1267 2139 par.

156 2303 210 2350 lum
230 2297 509 2365 seripturedieit'quiu
526 2297 692 2365 poeniteam
795 2294 820 2349 2.
847 2287 906 2365 ὅδε]
935 2297 998 2352 Veu.
1022 2302 1048 2349 et
1065 2297 1139 2350 Bodl.
1163 2294 1192 2366 (ὁ
1212 2294 1265 2365 dl).

156 2383 186 2436 ia
210 2383 341 2450 paradiso
366 2384 475 2450 operari
500 2386 526 2434 et
549 2384 691 2435 custodire.
727 2377 795 2433 Editi
820 2376 835 2435 α’
860 2383 991 2447 praebent.
1030 2384 1088 2435 Noli
1113 2390 1264 2455 exspectare

156 2469 186 2522 ln
205 2483 282 2534 opere
306 2468 373 2520 euim
392 2467 492 2534 qnidam
510 2467 611 2518 virtutis
630 2480 689 2531 pre·
728 2457 776 2518 ὅδε
795 2458 819 2518 ὁ.
861 2467 900 2518 Gi.
919 2467 1040 2519 Matthiae
1067 2468 1145 2536 Auaf.
1164 2471 1264 2535 prieeh.

156 2544 691 2619 eeeauaeat,incustodiaquaedemoon-
731 2550 876 2602 Grammat.
905 2550 959 2617 (ed.
982 2551 1011 2616 2)
1042 2567 1067 2619 p.
1090 2551 1141 2603 870
1160 2556 1186 2604 et
1205 2551 1266 2604 Ste-

155 2639 289 2692 eummatio
314 2637 400 2704 operia
419 2634 634 2703 deprehenditur,
660 2647 691 2685 eo
727 2636 802 2701 phau.
828 2635 951 2687 Therme.
979 2651 1017 2701 gr.
1046 2635 1106 2702 ling.
1135 2635 1175 2691 ed.
1198 2636 1266 2688 Hrse

156 2721 223 2790 quod
249 2722 321 2789 quasi
351 2725 521 2774 consummate
557 2718 690 2775 custodiat.
728 2719 781 2771 Vol.
799 2719 826 2769 V.
845 2734 869 2785 p.
885 2717 960 2778 1728.

155 2808 226 2861 Haeo
253 2805 302 2859 duo
330 2807 360 2858 ab
389 2807 490 2859 humine
517 2805 692 2872 requiruntur,
796 2803 821 2856 3.
840 2794 1059 2873 ἔτινῆπιόςῆν]
1076 2804 1117 2857 Ad
1133 2805 1267 2873 Theophili

155 2895 184 2944 ut
202 2894 229 2942 et
247 2891 366 2956 operibus
381 2904 444 2942 nove
460 2894 565 2957 quaerat
582 2893 608 2940 et
621 2892 692 2956 perte
727 2891 879 2941 senteutiam
897 2890 994 2943 accedit
1012 2891 1134 2942 lreneeus
1152 2890 1168 2940 l.
1182 2906 1204 2942 c.
1223 2891 1266 2942 lli.

155 2975 281 3030 custodiet
299 2973 367 3043 quod
385 2980 425 3027 eat
443 2975 595 3041 generale.“
728 2987 749 3025 a.
768 2972 811 3027 38.
831 2973 866 3041 §.v
879 2976 908 3026 1:
934 2968 980 3036 Ὡς
998 2964 1051 3028 οὖν
1070 2968 1088 3042 ἡ
1105 2970 1156 3040 μὲν
1173 2969 1265 3042 μήτηρ

225 3059 267 3115 19.
290 3054 455 3129 φυλάσσειν]
483 3058 563 3125 Vulgo
582 3055 692 3127 moleir-
727 3055 849 3111 dovorae
862 3059 969 3114 τέλειον
982 3064 1137 3127 παρασχεῖν
1148 3061 1187 3129 τῷ
1200 3058 1265 3131 βρέ-

154 3164 229 3213 reae,
255 3149 282 3200 et
307 3161 366 3199 mox
392 3142 516 3200 ἀπώλεσε
540 3158 586 3211 pro
611 3157 693 3198 -σεν
728 3161 777 3210 (ρει
802 3143 834 3197 τὰ
861 3140 1007 3214 ἔμβρωμα,
1034 3141 1067 3199 ad
1086 3141 1116 3198 et
1136 3141 1174 3198 ἔτι
1195 3141 1265 3198 n'do·
1286 3129 1297 3142 ’

156 3232 258 3301 (Vero).
462 3230 466 3234 ’
571 3259 573 3263 f
727 3232 808 3281 νασεῖ
829 3226 881 3296 τήν
899 3225 990 3282 edred
1009 3227 1202 3300 πρεσβυτέραν
1219 3229 1265 3285 de'-

224 3318 249 3369 1.
276 3310 319 3370 od
400 3311 544 3384 παρακοή]
571 3316 692 3369 irenaeus
728 3314 832 3379 ξασθαι
851 3314 970 3380 τροφήν,
989 3309 1079 3376 οὕτως
1096 3317 1143 3369 unt
1164 3312 1264 3380 ὁθεὸς

156 3400 302 3453 edmhaer.
321 3401 351 3454 V.
377 3401 461 3456 aee.
487 3400 512 3468 §.
531 3401 558 3452 1:
591 3401 693 3466 „Simul
728 3397 816 3460 αὐτὰς
841 3396 892 3464 μὲν
917 3398 980 3462 οἶός
1006 3418 1034 3454 τε
1055 3391 1091 3469 ἦν
1111 3407 1264 3470 παρασχεῖν

156 3485 223 3538 enim
243 3499 373 3536 tumesco
399 3489 426 3536 et
450 3489 557 3537 mertem
576 3484 691 3537 adscire·
726 3479 774 3536 ἀπ’
801 3479 889 3551 ἀρχῆς
918 3489 957 3555 τῷ
986 3481 1130 3556 ἀνθρώπῳ
1159 3484 1192 3540 τὸ
1218 3486 1263 3541 τὲ-

155 3573 230 3630 rnnt‚
257 3573 376 3638 qnoniam
392 3564 568 3622 inobedientes
586 3569 694 3622 mendu-
726 3572 815 3636 terea,
842 3563 857 3622 ὁ
883 3570 914 3622 dt
940 3563 1095 3636 ἅνθρωπος
1120 3568 1266 3635 ἀδύνατος

154 3655 260 3718 oebent;
277 3654 448 3708 inobedientia
468 3658 550 3706 eutem
567 3654 692 3706 deimor-
726 3655 822 3723 λαβεῖν
848 3649 938 3708 αὐτό·
965 3653 1101 3723 νήπιος
1122 3654 1185 3724 peip
1212 3649 1264 3726 ἦν.

154 3741 206 3790 tem
224 3738 330 3790 inient!⁸
358 3740 425 3791 Voce
444 3733 520 3798 rarle
536 3739 691 3805 Theophilus
725 3740 756 3792 L.
776 3739 823 3792 lll.
850 3739 931 3792 ow.
957 3738 984 3806 §.
1004 3742 1037 3793 4:
1072 3742 1170 3807 „Erant
1197 3745 1265 3796 enim

153 3821 255 3875 ridetur
272 3823 431 3876 christianos
457 3821 577 3890 quosdam
604 3839 618 3874 e
642 3838 692 3874 uu·
726 3825 830 3891 utrique
857 3823 917 3876 nudi
945 3824 971 3876 in
998 3825 1131 3894 perediae,
1160 3833 1186 3880 et
1212 3841 1265 3881 non

154 3921 226 3960 mero
238 3909 371 3973 gentilium
383 3907 525 3973 designare.
545 3906 582 3959 Gt
596 3906 691 3959 Brum-
725 3908 955 3974 confundebantur,
975 3912 1090 3979 quoniam
1105 3912 1189 3980 pantio
1205 3915 1265 3964 ento

154 3991 382 4057 garten-crusina
408 3990 501 4046 Lehrd.
526 3993 573 4043 der
590 3991 691 4043 christi.
725 3994 784 4046 lacti
801 4007 854 4046 neu
878 3995 1033 4049 intellectum
1051 3997 1178 4049 hebebant
1195 3995 1264 4046 lilio-

153 4075 364 4146 Dopmeopereh.
382 4076 410 4127 Ρ.
429 4076 462 4128 ll.
481 4092 507 4144 p.
526 4073 602 4127 1085.
640 4076 692 4128 Pro
725 4092 782 4130 rum
803 4079 998 4149 generationia3
1028 4082 1162 4149 oportebat
1193 4080 1261 4132 euim

152 4153 225 4227 nizea
242 4160 334 4228 (ven.)
352 4160 448 4227 legitur
467 4156 535 4226 vulg.
554 4152 615 4227 εἶχε.
725 4159 782 4242 illos
808 4163 891 4233 primo
916 4165 1079 4232 adolescere,
1107 4164 1199 4218 dehine
1225 4165 1262 4219 eie
