2836 4852
222 277 600 376 commonitionum
621 280 664 343 ru
685 276 924 343 uvnnnncm
945 278 1021 344 nm.
1043 279 1098 343 ιιι.
1149 277 1212 347 coc

109 454 251 532 sumpsit.
295 452 360 512 Sed
390 453 509 531 tamen,
542 454 615 530 quia
643 453 778 515 virtutes
806 439 918 530 postea
950 453 983 511 et
997 453 1043 513 'in
1065 454 1210 530 gentibus

109 564 212 624 iactae
234 561 386 639 sunt>‚nita
408 560 469 621 lroc
490 564 698 624 testimonium
718 563 855 640 intelligi
876 553 984 641 potest
1004 565 1055 640 ut,
1084 565 1137 625 ubi
1159 565 1210 624 di-

109 664 152 734 cit
173 692 256 743 ‚aaa
278 671 344 732 neni
365 670 424 731 urst
446 671 490 731 nd
515 681 620 742 coer,“
649 673 854 734 subaudiatur
875 672 941 731 illic
963 672 1091 750 „prr'nr“
1115 674 1147 732 et
1164 673 1210 733 ita

108 783 169 844 hoo
189 781 367 842 testimonio
389 783 508 841 veritas
526 785 559 841 et
571 782 786 843 misericordia
807 782 859 842 dci
875 782 906 840 in
921 781 1086 843 universos
1101 797 1210 859 prom·

109 896 163 970 pta
186 893 305 953 clareat
323 891 431 967 magis.

126 1023 131 1029 ·
197 996 314 1062 ιοΕσοθ
336 1001 513 1082 efferebatur
534 1009 668 1063 mortuns
691 1000 773 1081 filius
797 1002 903 1062 runicus
925 1001 1118 1061 matrissuae
1134 1018 1210 1081 qaae

109 1117 176 1171 erat
195 1110 305 1178 melan,
328 1116 359 1170 et
379 1109 480 1170 rnrrlta'
494 1111 581 1171 turba
605 1111 739 1171 civitatis
759 1111 936 1191 sequebatur
959 1129 1034 1171 enm.
1077 1109 1145 1170 Per
1162 1110 1210 1170 ci·

109 1221 237 1281 vitatem
266 1219 489 1296 intelligendus
518 1223 567 1280 est
598 1223 745 1299 mundos,
773 1238 832 1298 per
861 1221 957 1282 tilium
979 1221 1098 1280 unicum
1124 1235 1209 1280 mor-

109 1332 192 1391 tuom
214 1328 469 1390 exterior-homo
497 1326 546 1409 (id
569 1333 618 1390 est
640 1327 773 1411 corpus)
803 1330 1002 1407 accipiendus
1024 1330 1091 1407 est,
1123 1329 1210 1389 cuius

17 1455 19 1459 ⁴
108 1431 238 1499 matrem
260 1441 405 1515 animam,
432 1447 554 1516 patrem
576 1456 653 1498 vero
676 1440 818 1515 spiritum
840 1440 994 1499 eredimus
1014 1439 1082 1518 dei,
1104 1455 1123 1497 a
1148 1455 1209 1514 qno

109 1551 209 1608 anima
228 1549 261 1606 in
282 1546 435 1632 hominem
456 1548 564 1609 adlata
593 1549 643 1607 est
665 1565 744 1624 qnae
766 1564 880 1625 corpus
902 1548 1064 1610 humanum
1087 1550 1120 1608 et
1139 1547 1210 1608 uoi-

110 1659 293 1718 onorriilium
322 1651 362 1716 ab
389 1657 520 1717 infantie
550 1658 686 1717 institnit
714 1674 751 1717 ac
778 1659 927 1718 nutrivit:
961 1676 1051 1734 quam
1079 1659 1210 1719 animam

108 1768 180 1828 ideo
198 1770 327 1829 matrem
359 1769 487 1828 viduam⁴
506 1767 655 1826 debemus
676 1767 822 1843 accipere
849 1769 938 1844 quia,
968 1785 1035 1829 cum
1056 1769 1087 1827 in
1110 1768 1211 1829 Adam

109 1879 236 1954 accepta
258 1877 331 1954 lege
353 1879 457 1936 extitit
479 1862 746 1956 praevaricatrix,
778 1878 929 1938 recedens
956 1879 997 1939 ab
1020 1895 1058 1937 ea
1079 1878 1211 1956 spiritus

109 1987 160 2046 dei
189 1987 312 2047 viduam
339 1985 429 2046 illam
453 1987 626 2062 reliquerat
655 1988 687 2046 et
714 1985 835 2070 obuhoc
861 1989 983 2048 unicum
1003 1988 1100 2048 lilium
1122 2004 1211 2048 suum

110 2096 157 2170 (id
179 2099 229 2156 est
249 2097 339 2157 Adae
367 2112 482 2173 corpas
497 2098 661 2157 ‘mortuum
683 2095 831 2174 peccato)
857 2098 969 2158 amisit.
1014 2099 1109 2168 Quam
1138 2098 1211 2169 ideo

109 2205 154 2264 ait
175 2207 257 2282 quod
276 2207 383 2271 multa
397 2206 490 2265 turba
513 2208 698 2281 sequeretur
720 2208 872 2283 civitatis,
895 2209 1037 2284 qnoniam
1059 2207 1147 2269 multi
1169 2225 1212 2269 cx

109 2312 166 2375 hoc
192 2317 305 2376 mundo
333 2317 504 2390 sequuntur
526 2315 634 2374 Adam.
685 2314 794 2374 Fletus
824 2320 927 2376 autem
957 2318 1066 2377 matris
1096 2317 1211 2377 idduae

108 2425 318 2500 poenitentiae
340 2424 400 2483 init
426 2425 586 2499 indicium3
617 2424 690 2483 huic
713 2425 853 2484 dominns
877 2426 949 2484 ideo
971 2427 1016 2485 ait
1038 2423 1116 2485 Noli
1136 2426 1211 2506 fiere

110 2534 180 2608 qaia
209 2536 378 2594 restituere
406 2534 454 2593 illi
482 2532 577 2592 lilium
608 2510 804 2608 disponebat.
848 2532 890 2592 Et
912 2534 995 2608 qood
1022 2532 1210 2594 innascier

110 2644 415 2720 contigit-dominns,
449 2658 687 2718 congressurum
716 2659 751 2702 se
779 2659 847 2705 cunr
877 2644 976 2702 morte
998 2643 1028 2700 in
1049 2646 1211 2721 assumpto

108 2768 242 2829 corpore
271 2752 437 2813 indicabat.
480 2750 539 2809 llle
562 2753 663 2810 antem
686 2752 809 2812 invenis
831 2754 914 2828 qnod
935 2768 1104 2830 resurgens
1127 2753 1211 2814 sedit

108 2878 146 2921 ac
167 2861 370 2936 loquebatur,
392 2861 491 2920 Adam
514 2861 760 2921 resuscitandum
782 2863 815 2923 et
837 2861 955 2921 animae
978 2862 1053 2943 (hoc
1074 2864 1123 2924 est
1141 2880 1210 2924 ma·

109 2971 150 3030 tri
171 2968 264 3049 suae)
287 2971 477 3030 reddendum
501 2971 695 3047 designabat.

195 3073 482 3161 ¹¹Hornaqur'dam
513 3078 670 3152 deseendit
700 3080 739 3141 ab
768 3079 957 3142 Hierusalem
986 3082 1019 3140 iu
1046 3078 1208 3141 Hiericho.

62 3201 64 3206 ·
108 3190 303 3252 Hierusalem
324 3192 552 3268 interpretatur
573 3191 653 3250 visio
668 3191 766 3268 pacis,
787 3191 933 3252 Hiericho
949 3193 1095 3269 seculum,
1116 3166 1208 3252 homo

108 3301 230 3376 quidam
243 3298 371 3365 'Adam.,
411 3299 527 3361 Incidit
548 3302 581 3360 in
600 3298 751 3360 latrones.-
772 3302 805 3360 id
829 3304 879 3363 est
900 3302 931 3362 in
953 3302 1072 3363 diaboli
1093 3304 1208 3365 volon-

107 3412 208 3488 tates,
238 3427 318 3485 qnae
338 3410 422 3471 illum
443 3391 705 3488 aununtiaverunt:
733 3411 794 3471 hoc
816 3415 865 3472 est
887 3414 1085 3475 abstulerunt
1107 3414 1136 3473 ei
1157 3413 1208 3472 in-

108 3522 282 3581 dementum
309 3520 551 3580 immortalitatis
579 3521 611 3578 et
639 3519 837 3596 ingesserunt
863 3524 894 3581 ei
914 3525 1112 3600 peccatorum
1134 3523 1208 3601 pla-

107 3648 175 3708 gas.
219 3630 304 3691 Hunc
327 3629 495 3691 semivivum
522 3628 664 3705 neglexit
686 3629 828 3690 scandas
849 3632 943 3706 atque
966 3631 1073 3702 lenita,
1103 3634 1135 3693 id
1158 3636 1209 3695 est

107 3740 214 3800 Aaron
236 3741 269 3799 et
288 3738 394 3797 Helias
415 3737 467 3796 vel
488 3738 610 3817 Moses,
635 3737 686 3814 qni
708 3739 839 3800 vulnera
860 3740 945 3800 illins
969 3759 1029 3802 non
1050 3745 1207 3820 laverunt,

107 3847 146 3910 ia
161 3852 212 3908 est
231 3851 360 3927 peecata
383 3846 518 3924 gentium
546 3864 607 3906 non
630 3851 826 3910 curaverunt.
871 3851 1082 3914 Samaritanus
1104 3855 1207 3913 autem

108 3957 252 4018 Christus
271 3957 493 4034 intelligendus
516 3960 575 4034 est,
597 3958 649 4032 qni
672 3958 803 4020 vulnera
824 3963 933 4021 nostra
956 3963 1087 4037 roravit,
1109 3959 1205 4020 oleum

108 4067 289 4148 infundens:
317 4068 425 4129 idest
452 4068 632 4147 sanguinem
662 4086 748 4130 sunm
776 4073 808 4130 et
828 4071 962 4133 chrisma
983 4071 1117 4148 largitus
1140 4071 1201 4130 cst.

161 4217 203 4271 1⁰.
220 4191 288 4272 Eece
306 4219 367 4287 eta]
388 4217 624 4292 cuc..7‚„12-1t.
728 4220 775 4275 11..
787 4221 873 4278 Hono
886 4222 948 4291 etc]
965 4221 1029 4275 Luc.
1040 4218 1083 4287 10,
1094 4218 1209 4278 att-etr
