2836 4852
433 254 491 320 Au
512 252 758 317 acroaticum
778 250 923 317 umus
1187 250 1231 316 69

120 425 255 487 naucleri
272 424 443 495 concubuit,
469 425 587 487 Thestis
604 448 623 487 a
644 427 769 488 Thestio
787 424 935 488 Althaeae
952 431 1053 503 patre,
1083 424 1230 486 Tlroontir
1254 414 1256 420 ¹

120 557 140 594 c
166 534 304 596 Thomrte
327 533 449 594 Bocchi
473 534 560 614 filio,
595 537 760 619 Staphylis
782 556 801 595 ο
824 533 981 616 Staphylo
1003 532 1123 595 Bocchi
1149 533 1228 614 filio,

119 644 253 705 Bacenis
281 645 319 707 alt
345 644 456 705 Εοοιοο
479 643 603 705 Bocchi
631 644 716 724 filio,
749 643 889 705 Maronis
916 642 1088 715 uMcrocc
1110 642 1229 704 Ariad-

120 773 172 813 nes
197 761 227 813 et
258 752 383 813 Bacchi
405 753 484 833 filio.
530 755 575 814 Hi
601 755 679 814 enim
707 773 806 814 omnes
838 751 959 813 Bocchi
987 751 1058 834 filii.
1103 754 1167 815 Sed
1197 756 1231 814 et

119 863 235 923 multae
265 864 348 923 aliee
370 865 602 940 appellationes
625 865 814 924 exstiterunt
844 866 939 938 atque
963 866 1089 923 exstant
1112 864 1228 924 adhuc:

119 973 160 1030 ab
182 970 317 1033 Hercule
341 972 544 1052 Heraclidae,
576 974 615 1032 ab
635 972 785 1050 Apolline
809 970 1018 1049 Apollonides
1040 976 1073 1033 et
1091 965 1229 1051 Apollo-

118 1081 181 1158 nii,
203 1100 221 1142 a
245 1083 400 1142 Posidone
422 1084 599 1158 Posidonii,
621 1098 640 1140 a
665 1082 739 1142 love
762 1083 811 1142 Dii
834 1086 867 1142 et
892 1083 1062 1160 Diogenae.

205 1303 234 1360 8.
266 1301 306 1360 Et
329 1303 401 1378 quid
433 1305 492 1360 iam
520 1319 697 1362 enumerem
720 1303 946 1362 multitudinem
969 1302 1145 1362 huiusmodi
1169 1320 1228 1379 ap·

117 1411 323 1486 pellationum
346 1415 378 1469 et
400 1412 683 1487 genealogiarum‘t
716 1412 825 1487 ltaque
850 1411 972 1470 omnino
994 1411 1106 1469 ludunt
1121 1427 1228 1471 omnes

117 1517 261 1578 historici
293 1524 323 1576 et
354 1521 467 1595 poetae
501 1523 533 1577 et
562 1521 763 1597 philosophi,
792 1523 855 1578 tum
885 1521 978 1578 etiam
1007 1521 1059 1595 qui
1092 1521 1130 1579 iis
1153 1522 1228 1579 dant

116 1645 256 1705 operam.
302 1624 438 1686 Fabulae
470 1629 549 1686 enim
577 1630 682 1706 potius
713 1632 745 1686 et
774 1629 869 1688 stulta
898 1632 1070 1687 commenta
1098 1631 1137 1689 do
1168 1631 1228 1689 diis

117 1738 185 1796 suis
208 1740 466 1813 composuerunt3
496 1754 557 1796 non
588 1739 666 1796 enim
698 1755 753 1796 eos
778 1739 1034 1798 demonstrarunt
1056 1738 1137 1797 deos
1156 1755 1227 1797 esse

119 1848 176 1905 sed
205 1844 360 1922 homines,
395 1847 476 1905 alios
505 1847 628 1922 quidem
660 1848 822 1923 ebriosos,
857 1847 938 1905 alios
969 1849 1164 1906 scortatores
1196 1849 1229 1907 et

118 1956 299 2015 homicidas.
346 1956 424 2023 Quin
455 1956 548 2015 etiam
574 1956 619 2036 de
652 1958 755 2015 muudi
783 1960 854 2017 ortu
884 1959 1053 2036 pugnantia
1081 1957 1162 2015 inter
1193 1973 1228 2016 se

116 2066 151 2121 et
173 2065 309 2124 absurda
335 2066 540 2125 tradiderunt.
585 2065 689 2124 Primo
714 2067 793 2125 euim
817 2067 941 2142 quidam
965 2065 1113 2127 iniectum
1137 2082 1225 2126 mun-

117 2306 215 2376 μορφῇ
233 2310 398 2374 conportari
423 2313 464 2360 aut
488 2306 654 2377 προούμνοο
690 2310 748 2364 cl.
768 2326 792 2362 ο.
804 2312 828 2363 5.
861 2310 1118 2363 NecestcurWoli.
1139 2324 1227 2376 προο-

118 2391 213 2456 (Clem.
234 2392 276 2447 ΑΙ.
297 2394 367 2444 Prot.
386 2393 463 2460 pte
483 2396 521 2446 ed.
542 2396 607 2447 Pott.
629 2401 654 2446 et
690 2394 798 2461 ipsvm
825 2393 957 2457 αὐτοῖς
985 2397 1023 2461 (lr.
1051 2412 1073 2445 e.
1099 2399 1227 2462 ρενεοολο·

119 2478 215 2529 Arnob.
236 2493 257 2529 c.
276 2483 327 2531 nal.
347 2479 448 2544 1129).
689 2482 775 2547 γένος)
804 2482 873 2533 malit
901 2481 997 2546 legere.
1036 2481 1101 2532 Voce
1127 2476 1227 2541 adroic

189 2563 230 2618 26.
259 2563 417 2633 Σοοφολλς]
451 2566 512 2615 Ven.
543 2556 653 2632 οτοιφο-
691 2567 756 2616 enim
780 2566 842 2616 setis
861 2565 1020 2615 manifestum
1040 2568 1080 2614 est
1097 2565 1167 2615 innui
1187 2565 1226 2616 hl»

118 2647 190 2710 teris.
691 2652 798 2701 storicos
828 2654 853 2699 et
882 2654 969 2715 poetes
1001 2653 1027 2699 et
1054 2649 1227 2716 philosophos,

186 2735 228 2786 27.
255 2733 374 2797 Εὐαινλς
401 2732 428 2788 οἷ.
456 2732 579 2804 Erindes]
612 2737 656 2788 Sic
691 2748 754 2802 quos
773 2734 846 2785 modo
866 2733 1022 2801 Theophilus
1047 2746 1227 2784 commemore-

119 2819 325 2895 Bodl.etediti.
361 2822 422 2874 Ven.
443 2817 580 2881 εὕαινιοὶς
599 2817 654 2875 cirri
692 2821 734 2870 rit.
761 2812 1181 2884 Heumann.rerbai'rrprieuel
1200 2817 1227 2870 oi

118 2899 233 2967 edvdcoc.
253 2907 364 2959 llleinell.
380 2907 479 2960 admisit
490 2903 586 2967 Εὐοεῒς
599 2904 655 2960 clud
691 2901 874 2973 προσέχοντες
893 2899 991 2964 αὐτοῖς
1017 2921 1030 2955 e
1049 2904 1162 2968 margine
1185 2905 1226 2956 in·

118 2985 228 3044 Εὕνεω.
265 2992 299 3043 nt
322 2992 415 3043 Bacchi
440 2991 519 3044 filium
539 2993 655 3044 Euneum
690 2997 758 3044 serta
780 2992 917 3044 existimat.
948 2990 1021 3055 Quod
1041 3005 1090 3040 uon
1111 2988 1226 3042 credide·

118 3090 170 3128 non
189 3076 313 3129 novimus.
351 3076 435 3140 Quare
453 3077 555 3130 ltlullcr.
576 3077 654 3130 relin-
691 3080 745 3130 rim.
769 3079 861 3130 Mirum
880 3080 1037 3144 quantopere
1053 3071 1091 3127 lu
1107 3072 1165 3143 μήν
1178 3075 1226 3133 καλ

118 3163 156 3215 uit
176 3159 306 3222 Eduvttc
324 3159 382 3216 cino*
402 3158 558 3225 Εὐάνθεος.
690 3164 799 3230 scriptor
818 3165 905 3213 noster
924 3159 1079 3212 delectetur:
1105 3177 1139 3212 cc.
1157 3160 1182 3213 3.
1200 3161 1225 3214 t.

187 3246 227 3299 28.
252 3242 408 3315 γεγόνασιν]
437 3248 564 3316 llumplrr.
582 3265 653 3302 -οι,
690 3245 1001 3310 6.12.1d.18.‘h'›.38‚
1022 3246 1064 3298 lib.
1083 3247 1129 3298 lll.
1149 3263 1184 3299 cc.
1200 3247 1225 3300 3.

180 3332 213 3384 ’1.
241 3330 437 3401 introitorum]
466 3335 545 3386 Recte
564 3349 655 3400 cepere
690 3331 758 3386 18.
780 3330 1191 3386 12.14.17.λ1.λ3.27.29.
1218 3387 1221 3391 ,

119 3416 218 3487 videtur
244 3419 350 3471 Wollius
375 3434 451 3471 sensu
479 3421 573 3471 formae
601 3436 653 3471 me·
757 3418 783 3470 2.
810 3410 859 3479 otc
942 3418 1050 3485 φονεῖς]
1078 3417 1116 3470 (31.
1140 3418 1184 3470 lib.
1203 3421 1225 3472 l.

117 3501 189 3568 diae,
214 3517 265 3555 non
284 3507 367 3554 eutem
386 3505 504 3556 illudunt
524 3505 548 3557 id
568 3509 654 3555 reric·
690 3502 743 3557 c.9
763 3501 801 3571 (n.
818 3505 856 3572 1).
890 3505 951 3554 Ven.
972 3508 1083 3570 φωνεῖς,
1103 3505 1147 3557 sed
1167 3520 1225 3557 cor-

117 3588 175 3654 rim,
196 3586 353 3641 sedlndomt
371 3589 571 3656 adimplenti,
591 3591 615 3641 h.
632 3605 653 3641 e.
690 3594 773 3642 rector
793 3609 807 3642 c
827 3604 874 3656 pro
893 3609 915 3640 ω
934 3590 1055 3657 reposuit.

116 3671 259 3724 vetularum
280 3688 350 3725 more
368 3673 510 3726 lasciviunt.
545 3675 654 3743 [c.10:
758 3677 782 3728 3.
795 3671 1104 3745 ἄούμφωναᾶλλήλοις]
1119 3677 1158 3729 De
1171 3677 1225 3730 dis-

117 3753 237 3825 προῄδει
255 3750 422 3824 ροῖρῆθεία
441 3759 529 3824 σοφία
547 3756 654 3825 μέλλειν
689 3763 849 3815 sensionihus
876 3777 1025 3829 graecorum
1053 3765 1223 3830 scriptorum:

118 3844 367 3912 planeticarum]
384 3845 653 3910 HertrnemmslPee·
690 3864 710 3898 ο.
731 3847 753 3898 5.
774 3847 816 3899 lib.
836 3848 882 3899 lll.
902 3864 936 3898 cc.
956 3848 980 3899 3.
1000 3848 1024 3900 7.
1062 3851 1150 3901 lustin.
1173 3849 1223 3900 Co-

118 3929 159 3980 cil.
179 3929 208 3980 T.
225 3929 271 3981 lll.
293 3945 316 3995 p.
329 3929 403 3996 208).
422 3959 454 3968 -
484 3929 518 3983 Oi
537 3946 653 3997 συγγρα-
688 3934 755 3983 hort.
784 3932 814 3984 ud
833 3937 912 3998 genlt.
938 3934 994 3986 cli
1024 3933 1117 4000 (corp.
1138 3931 1222 4000 Apoll.

117 4016 182 4079 φεῖς
200 4013 279 4079 (mele
300 4015 383 4066 Cleus.
402 4015 557 4082 scriptores,
576 4016 654 4068 Thio·
691 4016 744 4070 Vol.
766 4018 817 4081 lll]
835 4035 861 4084 p.
883 4017 924 4070 30.
946 4034 970 4069 n.
983 4017 1015 4069 x7.
1246 4030 1249 4036 ’

117 4113 185 4150 nem.
205 4098 416 4168 Schriflsteller)
435 4101 534 4167 quinem
549 4101 600 4151 sint
616 4100 654 4151 di·
757 4099 782 4153 1.
798 4164 800 4172 Ι
815 4099 961 4171 ἀγένητον]
997 4103 1059 4154 Ven.
1088 4105 1114 4152 et
1139 4100 1223 4166 Bedl.‚

117 4189 159 4236 cet
176 4183 218 4236 lib.
238 4185 257 4235 l.
277 4199 299 4235 c.
319 4182 343 4244 9,
365 4201 389 4234 n.
408 4185 454 4249 13,
482 4186 540 4237 coll.
558 4184 600 4237 lib.
620 4187 653 4238 ll.
690 4187 768 4239 Gesn.
783 4188 845 4240 Dur.
860 4188 925 4242 Fell.
940 4186 1012 4240 Wolf.
1037 4187 1138 4238 Caeteri
1151 4185 1223 4240 editt.
