2836 4852
421 244 480 309 Ab
502 243 753 309 butolicum·
767 244 889 308 [ΠΗ.
1173 245 1216 311 19

104 416 250 475 creatura
272 412 449 477 continetur
474 431 565 476 manu
585 417 652 491 dei;
676 416 936 504 'quemadmodum
962 418 1058 494 igitur
1080 434 1213 495 granum

103 523 178 584 muli
200 521 305 600 punici
326 521 410 583 intus
439 523 591 592 inclusum
619 542 681 590 uon
703 528 812 606 potest
831 527 941 586 videre
971 542 1011 587 ea
1033 543 1114 602 quae
1140 531 1213 589 suut

104 636 195 692 extra
218 631 383 702 corticem,
409 647 500 706 quum
523 633 623 710 ipsum
647 633 690 692 eit
713 635 814 712 intus,
834 635 879 694 itu
901 651 1003 711 noque
1025 635 1135 713 bomo,
1158 637 1212 712 qui
1292 672 1297 681 ,

103 757 252 802 unacum
273 738 357 799 omni
379 742 526 800 creatura
554 738 730 802 continetur
751 759 842 803 manu
868 743 936 820 dei,
965 746 1074 820 potest
1101 745 1211 806 videre

103 850 203 911 deum.
247 847 350 907 Porro
371 865 430 907 rex
453 851 599 910 terrenus
620 849 776 911 exsistere
797 849 952 927 ereditur,
983 853 1125 927 quamvis
1148 868 1211 913 non

103 956 145 1018 ab
173 957 314 1017 omuibus
344 957 508 1034 videatur,
537 959 595 1018 sed
625 974 665 1019 ex
692 959 819 1036 legibus
848 963 881 1020 et
909 959 1061 1021 institutis
1088 961 1210 1020 suiset

102 1065 335 1144 magistratibus
369 1066 403 1123 et
432 1066 532 1142 copiis
565 1070 598 1127 et
630 1068 817 1145 imaginibus
850 1068 1058 1150 cognoscitur.
1110 1069 1209 1130 Deum

101 1190 180 1248 vero
213 1175 247 1233 tu
279 1189 341 1232 non
371 1174 421 1232 vis
451 1175 631 1252 intelligere
667 1161 723 1236 eu¹
742 1178 811 1237 eius
846 1175 997 1253 operibus
1025 1180 1058 1235 et
1086 1176 1209 1238 iecino-

40 1329 43 1336 .
99 1282 215 1343 ribuet

187 1390 217 1448 6.
242 1386 432 1466 Considera,
463 1392 615 1470 οΙιοιιιο,
644 1394 712 1453 eins
733 1408 849 1471 opera,
872 1394 1092 1469 tempestatum
1115 1395 1208 1453 stetis

98 1498 296 1574 temporibus
316 1497 561 1583 uicissitudinem
581 1504 614 1560 ot
634 1501 719 1563 aeris
733 1499 932 1575 mutationes,
954 1501 1111 1560 astrorum
1127 1501 1208 1560 bene

99 1606 278 1673 ordinatum
300 1622 442 1682 cursum,
473 1606 591 1667 diorum
615 1609 648 1667 et
670 1607 804 1667 noctium
826 1609 859 1666 et
880 1607 1028 1667 mensium
1051 1608 1084 1667 et
1106 1623 1210 1668 anuo-

98 1733 168 1777 rum
197 1715 279 1774 bene
312 1714 487 1775 ordinatum
517 1715 688 1792 incessum,
722 1716 871 1775 seminum
905 1717 937 1774 et
967 1715 1143 1792 plantarum
1176 1718 1209 1775 et

99 1823 255 1889 fructuum
283 1821 403 1881 variam
429 1823 709 1900 pulchritudinem,
738 1822 939 1900 multiplicem
965 1824 1087 1910 prolem
1110 1839 1208 1900 peou·

100 1934 171 1993 dum
200 1932 435 2008 quadrupedum
464 1933 497 1991 et
520 1931 696 1992 volatilium
726 1935 759 1991 et
778 1932 939 2008 reptilium
969 1933 1002 1992 et
1023 1931 1208 2010 natatilium,

72 2044 163 2103 'tum
182 2040 351 2100 fluvialium
374 2040 439 2099 tum
458 2039 661 2116 marinorum,
694 2056 754 2101 nec
781 2056 843 2099 uon
871 2040 1000 2101 inditum
1028 2041 1108 2119 ipsis
1136 2041 1207 2113 anie

100 2149 233 2210 malibus
262 2148 440 2208 instinctum
470 2149 671 2226 generandae
699 2151 732 2206 et
761 2150 894 2209 alendae
923 2149 1043 2226 prolis,
1074 2164 1137 2209 non
1166 2150 1207 2208 ad

99 2275 176 2318 suos
196 2259 254 2318 eed
279 2259 319 2317 ad
343 2255 472 2319 bominis
493 2260 580 2335 ιιιιιι,
602 2258 732 2334 insuper
751 2258 981 2334 providentium
1002 2274 1093 2333 quam
1109 2273 1206 2316 exer·

99 2370 152 2426 cet
173 2368 249 2427 deus
272 2368 372 2428 cibum
399 2384 514 2445 parans
543 2366 624 2427 omni
653 2365 754 2441 carni,
782 2368 845 2426 tum
874 2367 993 2426 servile
1022 2365 1205 2441 obsequium

99 2477 184 2552 quod
205 2472 334 2536 humano
358 2476 468 2554 generi
494 2476 533 2534 ab
556 2473 696 2534 omnibus
718 2475 877 2550 praestari
898 2475 1007 2549 iussit,
1036 2475 1110 2533 item
1133 2473 1205 2533 dul-

99 2693 175 2761 weit
192 2693 318 2762 Humplir.
336 2693 433 2761 puriter
451 2697 526 2762 etque
545 2694 634 2744 loenn.
670 2693 813 2744 Heumann.
849 2689 957 2756 (Poecil.
985 2689 1016 2741 T.
1042 2690 1064 2749 l.
1093 2703 1118 2754 p.
1140 2686 1205 2752 510)

97 2779 171 2832 llum
189 2778 271 2831 πᾶσι.
669 2775 751 2827 electo
771 2777 895 2826 commuto
912 2773 983 2825 iubel
999 2772 1050 2839 legi
1074 2790 1100 2825 ι.
1119 2764 1203 2837 ἅνθρ.

167 2863 211 2917 10.
229 2859 276 2932 oui]
296 2863 384 2917 loann.
403 2863 474 2913 llam
488 2875 513 2927 p.
525 2858 577 2913 339
594 2860 636 2925 (et
669 2854 720 2926 τήν
738 2875 768 2911 ιι
784 2854 882 2925 πρόν,
908 2871 972 2925 quae
996 2856 1080 2910 reddit
1097 2856 1149 2915 sle:
1175 2858 1205 2908 ut

97 2953 127 3003 in
143 2951 207 3003 lou.
225 2948 287 3015 188)
314 2948 407 3001 omisit
441 2947 503 3000 illex
525 2943 634 3012 idonup.
669 2943 766 2997 bobert
780 2941 979 2994 bomooictum.
1009 2940 1135 2994 Nimirum
1149 2939 1206 2991 voci

97 3035 151 3089 787
167 3034 270 3102 νοῆσαι
287 3048 335 3104 pre
352 3033 492 3086 νοεῖσθαι.
519 3031 633 3096 Utroque
668 3027 808 3093 προνοίας
820 3039 910 3078 novum
925 3024 1093 3090 significatum
1105 3006 1204 3086 tribuit,

97 3121 155 3173 loco
172 3133 223 3172 uon
243 3116 291 3172 ord
309 3118 355 3170 sod
373 3112 410 3170 δι’
429 3117 512 3168 offert.
668 3127 753 3180 quem,
771 3111 824 3164 ut'
817 3126 866 3164 ium
884 3121 1024 3175 anonymus
1041 3109 1067 3161 in
1082 3107 1204 3160 Bibliotb.

167 3205 194 3256 1.
216 3199 324 3270 cipue]
349 3202 412 3254 Van.
432 3204 459 3252 ct
476 3197 560 3265 Bodl.‚
579 3212 633 3251 om·
668 3198 763 3250 Lubcc.
782 3184 836 3249 Vol.
851 3196 886 3247 ll.
906 3209 939 3264 p.
945 3193 995 3247 231
1016 3194 1129 3257 monuit,
1147 3193 1203 3244 iru-
1276 3222 1277 3225 =

97 3303 200 3357 nosque,
223 3282 353 3353 editorem
379 3284 489 3352 excipies
515 3281 580 3334 Feli.
608 3285 634 3333 et
667 3286 720 3337 stre
734 3282 761 3334 in
775 3280 874 3347 graecis
888 3279 1056 3347 scriptoribus
1074 3277 1203 3344 requires.

97 3374 191 3428 Waltz
216 3367 342 3437 ἀστέρων
358 3368 402 3421 ille
420 3381 553 3435 perpetem
571 3365 633 3417 sub·
667 3366 703 3419 lli
720 3362 779 3433 quid
797 3366 845 3417 huc
863 3366 904 3415 eet
921 3361 1022 3414 dicore:
1048 3364 1096 3426 „ut
1112 3361 1204 3413 hebeat

97 3460 183 3512 stiterit
217 3456 298 3524 (illico
329 3454 396 3507 euim
429 3450 574 3518 στοιχείων
604 3448 634 3500 fit
667 3452 742 3504 homo
757 3450 860 3515 victum,
877 3462 952 3515 quem
965 3444 1120 3515 perditione,
1135 3444 1203 3498 omui

96 3544 207 3597 mentio.
226 3558 248 3597 c.
264 3541 288 3595 d.
307 3557 333 3592 n.
349 3539 389 3605 9),
407 3537 483 3604 idque
500 3536 543 3588 liic
559 3549 633 3588 reue·
667 3535 739 3587 cerni
756 3533 838 3586 cibum
856 3529 1060 3599 suppediinue“t
1094 3529 1203 3596 Insuper

95 3629 144 3694 pit.
174 3627 258 3679 Etiam
274 3623 340 3693 opud
354 3620 525 3688 Thucydidem
543 3615 633 3687 ιροιιὴ
668 3619 752 3671 obstet
774 3633 804 3670 ιι
825 3613 957 3683 particula.
999 3611 1116 3666 Pendent
1140 3613 1203 3666 haec

97 3709 166 3778 arpi
181 3705 231 3764 τόν
249 3705 321 3776 ἀέρα
338 3708 433 3774 legitur
450 3711 478 3758 ut
489 3703 555 3772 apud
570 3704 632 3757 cle·
667 3716 769 3771 quoquc
788 3700 879 3763 verbe,
897 3694 950 3767 τήν
967 3714 997 3750 ιι
1014 3693 1169 3763 πρόνοιαν,
1187 3711 1201 3747 ι

96 3799 208 3851 mentm
226 3795 302 3848 Alex.
322 3787 414 3859 ἀέρων
431 3785 580 3859 μεταβολή.
666 3785 830 3855 praecedenti
847 3780 1033 3850 κατανόησον.

164 3880 191 3934 2.
221 3876 369 3944 πιιιινιὸν]
406 3878 469 3930 Veri.
491 3873 631 3941 ramucio,
735 3869 761 3926 4.
781 3864 829 3939 ἣν]
848 3871 989 3923 Heumann.
1003 3866 1021 3920 l.
1036 3880 1058 3918 c.
1075 3855 1201 3934 pibbinu-

96 3963 144 4018 scd
168 3969 299 4018 comcotor
324 3979 348 4016 ιι
373 3975 450 4028 eupre
477 3976 495 4025 η
519 3958 631 4026 scripsit.
667 3955 712 4008 dit
737 3948 833 4009 Pro‘'
809 3971 908 4021 ωριιιιν
928 3953 1021 4020 (Van.)
1039 3939 1151 4014 uulgo‘
1133 3941 1201 4012 ω’ρι-

97 4049 136 4104 ci.
156 4049 248 4102 lib.ll.
267 4046 327 4100 ι.8.
347 4060 373 4097 n.
389 4042 432 4097 28.
668 4055 714 4093 σιν
731 4038 841 4105 legitur,
859 4035 1029 4093 correctorio
1043 4034 1106 4085 Von.
1122 4043 1201 4081 σιιι-

164 4133 191 4187 3.
217 4152 243 4188 r.
270 4126 373 4199 ἄνθρ,
400 4127 453 4196 τήν
479 4145 510 4181 ιι
537 4120 631 4194 rupim]
667 4123 858 4192 praeposuit.
888 4117 931 4175 Tol
945 4118 1039 4173 πάντα
1055 4117 1120 4168 bo.
1135 4113 1201 4178 ζόα.

832 4223 835 4228 .
948 4217 993 4275 2*
