2836 4852
425 266 487 335 Al)
505 265 754 339 ausolltctm
773 268 852 338 ΗΒ.
872 269 913 344 tt
1181 267 1225 343 tt

113 435 156 498 tis
176 435 212 498 et
233 449 313 503 vere
334 436 388 499 dei
407 438 458 500 est
476 455 539 500 nou
560 440 663 502 solum
684 441 800 519 ubique
821 457 904 518 esso,
926 441 1099 504 sedetiam
1119 443 1223 510 omna

110 545 271 624 inspicere
292 549 326 607 et
342 548 444 609 omnia
460 549 581 627 audire,
602 552 714 613 nedum
729 553 800 613 loco
817 551 989 613 contineri:
1010 553 1130 631 alioqui
1144 569 1222 615 ooa-

112 655 216 716 tiueus
242 657 332 721 locus
357 658 464 717 -maior
490 675 529 719 eo
559 661 751 736 invenietur3
782 663 833 720 ost
862 661 943 721 euim
971 663 1055 737 quod
1083 663 1223 724 continet

111 765 213 827 rusius
235 781 274 827 eo
296 768 380 843 quod
402 769 596 830 continetur:
623 770 701 830 deus
723 772 827 834 autem
848 771 921 852 loco
942 787 1004 831 non
1023 773 1222 834 circumscri-

112 871 213 950 bitur,
241 877 300 936 sed
328 877 398 954 ipse
422 879 472 938 est
496 879 629 939 omnium
656 879 755 941 locus.
799 878 864 938 Sed
887 896 943 941 cur
971 878 1057 941 Idam
1079 881 1222 958 luppiter

111 980 257 1059 reliquit:
280 1003 319 1046 an
342 987 415 1063 quia
437 991 578 1051 mortuus
600 991 660 1068 est,
683 1005 729 1048 an·
745 989 817 1066 quia
840 1005 928 1049 mons
950 989 1011 1050 iste
1031 1005 1094 1049 uou
1110 987 1173 1049 iam
1191 989 1223 1051 ei

110 1091 284 1168 placebat?
313 1096 450 1164 Quonam
467 1100 569 1157 autem
585 1097 750 1176 proiectus
767 1100 841 1159 esti
870 1098 906 1158 ln
924 1099 1056 1160 eoelosi
1085 1098 1222 1160 lliuima.

111 1199 177 1262 Sed
190 1203 278 1264 dices
294 1205 325 1264 in
339 1203 489 1266 Cretam-t
520 1206 661 1284 Optime;
684 1207 728 1266 ihi
749 1207 810 1268 huc
831 1225 930 1285 usque
954 1209 1022 1269 eius
1041 1208 1221 1285 sepulcrm

110 1315 313 1377 monstratur.
357 1314 460 1376 Porro
481 1316 568 1381 dices
589 1315 682 1382 Pisas
705 1317 871 1394 [abiisse],
892 1319 1009 1395 quippe
1029 1334 1121 1393 quum
1145 1316 1219 1392 [ihi]

110 1418 173 1483 ltuo
189 1439 287 1498 usque
303 1423 446 1485 mauihus
463 1424 595 1484 Phidiae
618 1424 731 1486 ianuam
749 1427 906 1487 conciliet.
938 1427 1109 1486 Veniamus
1125 1426 1221 1504 igitur

109 1530 154 1591 ad
177 1531 297 1608 scripta
322 1529 582 1608 philosophorum
603 1535 636 1592 et
656 1534 833 1610 poetarum.
1204 1590 1209 1595 .

197 1643 229 1703 d.
252 1640 351 1703 Stoici
375 1641 499 1718 quidam
521 1641 612 1702 deuna
630 1630 758 1702 omnino
781 1644 897 1719 negant
918 1659 1007 1719 esse,
1028 1643 1098 1722 aut,
1120 1643 1220 1711 sirit

112 1884 280 1938 Heumaunus
296 1884 406 1950 (Poscit.
425 1884 455 1938 l'.
473 1885 520 1937 lll.
539 1898 564 1952 p.
581 1883 648 1951 205)
683 1883 783 1937 iamiam
808 1886 893 1937 monui
918 1885 949 1938 ad
973 1887 1132 1952 Athenagor.
1151 1885 1221 1955 Sup-

111 1972 139 2023 et
156 1970 340 2037 wesselingius
359 1970 516 2038 (Probabit,
534 1970 646 2036 Franeq.
682 1969 741 2036 plic.
763 1985 785 2022 e.
799 1969 840 2021 17.
860 1985 885 2022 n.
900 1969 935 2022 26
953 1971 1044 2039 (corp.
1060 1970 1146 2037 apuu
1163 1969 1220 2024 Vol.

110 2054 188 2120 1731,
205 2070 230 2121 p.
243 2055 289 2124 97)
308 2056 397 2123 legunt
410 2055 504 2123 τάφος
521 2050 645 2109 αὐτοῦ.
682 2055 741 2121 vlt)
760 2069 784 2121 p.
798 2054 833 2108 80
851 2059 878 2108 ολ
894 2055 965 2123 (adv.
983 2056 1068 2122 Nolt)
1086 2054 1145 2109 ³26.

111 2139 165 2192 Sed
196 2139 297 2206 vulgata
328 2142 406 2194 lectio
436 2143 515 2207 proha
545 2139 647 2193 ridetur
750 2138 776 2193 1.
791 2133 887 2193 Ἔνιοι
903 2137 955 2208 μὲν
973 2141 1023 2208 τῆς
1042 2140 1128 2200 στοᾶς
1145 2139 1221 2207 κτλ]

110 2238 184 2288 οοοος
208 2222 302 2293 τάφος
327 2221 403 2297 αὐτῷ
421 2228 519 2295 :ipsi
544 2226 646 2278 dedica·
680 2225 774 2278 Dubito
799 2240 859 2277 num
886 2227 942 2293 quis
961 2224 1105 2279 Stoicorum
1132 2224 1219 2279 afferri

110 2314 162 2363 tus.
211 2313 250 2366 ci.
279 2313 401 2365 Matthiae
435 2313 510 2381 dress.
545 2313 646 2379 putsch.
681 2311 778 2378 possit,
804 2313 847 2378 qui
864 2310 1049 2379 prouidentiam
1068 2310 1153 2363 verbis
1171 2324 1219 2361 ne·

112 2395 230 2449 Gramen.
250 2397 303 2462 (ed.
322 2395 354 2463 2)
380 2398 408 2448 P.
429 2398 460 2447 ll.
487 2413 511 2463 p.
532 2395 582 2448 714
597 2410 646 2462 sup,
682 2398 789 2460 paverit.
818 2396 885 2447 Hinc
904 2400 930 2448 et
949 2396 1093 2447 Gotakerus
1111 2394 1142 2446 ad
1160 2393 1218 2446 An-

108 2480 260 2547 Barnhardy
281 2481 387 2548 Spurius
404 2485 429 2534 d.
443 2483 542 2548 putsch.
558 2480 646 2546 Spro-
682 2480 796 2532 toninurn
814 2495 840 2547 p.
856 2478 889 2532 ut
906 2480 972 2531 hanc
988 2480 1077 2531 Nostri
1095 2479 1218 2531 assertio-

108 2567 157 2618 che
172 2565 299 2633 p.88sq.‚
320 2567 384 2618 liost
404 2566 509 2618 (triech.
529 2565 646 2617 Gromm.
681 2580 740 2617 nem
764 2565 881 2618 miratur.
919 2563 1036 2631 Wotfius.
1059 2589 1094 2600 -
1134 2562 1217 2613 Verba

109 2650 163 2716 (ad.
182 2651 211 2716 7)
229 2667 255 2718 p.
268 2650 329 2704 518.
452 2666 453 2669 ¹
681 2650 733 2716 τῆς
758 2649 845 2709 στοᾶς
870 2663 884 2699 ο
911 2652 984 2701 textu
1011 2662 1069 2699 esse
1095 2643 1217 2699 elicienda

68 2731 76 2741 '
112 2756 117 2761 ·
179 2737 221 2794 17.
254 2736 371 2805 Πνῖσαν]
402 2738 465 2789 Van.
498 2738 525 2787 et
553 2732 645 2797 Bodl.;
681 2739 815 2788 conhutus
830 2732 974 2801 persuadet.
999 2732 1217 2799 Necqueunquam

107 2819 202 2875 Πίσαν
226 2823 300 2874 Woli.
320 2823 388 2874 char.
413 2820 553 2891 ilunphr.;
566 2818 645 2872 7Πολ·
681 2823 787 2886 moveat,
801 2818 866 2886 quod
880 2817 953 2887 paulo
966 2821 1026 2884 post
1039 2815 1217 2884 Chrysippi

107 2921 162 2959 σαν
179 2908 273 2962 caeteri
298 2906 368 2959 editt.
402 2905 440 2959 ct.
458 2904 502 2957 lib.
521 2905 543 2957 l.
562 2919 584 2957 c.
603 2903 644 2956 10.
681 2904 762 2959 Stoici
781 2902 809 2957 fit
827 2903 932 2956 mentio.
969 2903 1069 2971 Quippe
1087 2915 1135 2952 nec
1152 2900 1216 2953 haec

107 3007 134 3044 n.
151 2991 177 3045 t.
680 3004 739 3041 vera
757 2993 798 3041 est
822 2987 963 3055 scriptura,
987 2986 1033 3038 sed
1050 2985 1215 3038 Λευκίππου

43 3062 46 3067 ⁴
178 3077 220 3129 18.
254 3075 354 3144 atton]
386 3077 466 3143 llige.
491 3077 518 3129 iu
545 3075 645 3129 κλείων
679 3075 819 3141 scripserat
837 3071 884 3136 vel,
902 3072 926 3124 si
942 3071 1009 3122 forte
1026 3085 1116 3121 munus
1134 3069 1216 3135 ipsius

108 3164 223 3216 mutavit.
241 3163 394 3228 wesseling.
415 3163 444 3228 (l.
460 3178 482 3216 c.
497 3177 523 3231 p.
536 3161 582 3227 98)
598 3176 645 3230 pro
680 3160 783 3224 errauit,
796 3157 909 3209 scrihere
921 3156 1022 3208 uolebat
1032 3159 1120 3208 noster
1130 3154 1215 3207 l'lteo·

110 3243 227 3302 ὁπλέων
245 3249 309 3314 legit
329 3249 423 3310 οἰκῶν,
442 3251 472 3300 ut
489 3247 645 3314 Theophilus
680 3243 772 3310 philus.
800 3241 839 3294 de
858 3241 922 3293 hene
940 3240 1086 3308 Leucippus
1103 3239 1216 3308 Epicuro

108 3334 195 3388 illudet
212 3335 239 3385 in
259 3335 361 3397 lovem,
387 3335 430 3400 qui
448 3332 480 3385 ad
497 3348 542 3385 aua
561 3347 644 3398 usque
679 3329 832 3394 adiungitur,
849 3341 913 3395 quus
925 3331 952 3379 et
963 3326 1094 3391 coniunxit
1106 3325 1216 3378 lactan·

107 3423 223 3484 tempora
242 3422 351 3471 statuam
366 3418 470 3471 Phidiae
490 3433 565 3469 manu
582 3417 644 3468 alia·
678 3417 730 3466 lius
748 3414 793 3465 lih.
809 3412 857 3464 lll.
876 3429 899 3464 c.
915 3411 960 3463 lle
980 3412 1048 3476 „Ubi
1065 3412 1156 3477 sunt,“
1173 3410 1215 3461 in-

107 3505 154 3557 hra
172 3504 261 3554 iactam
279 3503 415 3555 incolebat.
452 3503 505 3554 Sed
527 3501 644 3571 displicet
679 3499 786 3565 quiens,
812 3500 876 3562 „aut
893 3495 958 3551 unde
977 3497 1026 3549 ista
1044 3493 1214 3562 corpusculei

106 3589 170 3644 mihi
195 3589 244 3640 ista
271 3589 421 3640 emendatio.
457 3589 643 3657 Nisiqprursus
679 3585 733 3642 Cur
757 3583 799 3634 illa
822 3593 896 3632 nemo
920 3583 1023 3647 praeter
1048 3594 1125 3634 unum
1145 3579 1214 3632 Leu-

106 3673 196 3739 iallor,
227 3677 341 3739 praestat
368 3674 455 3738 legere
486 3663 521 3726 οὗ
546 3670 643 3734 ulios,
679 3669 780 3736 cippum
798 3665 943 3729 somniarit,
961 3679 974 3714 a
990 3678 1039 3733 quo
1054 3664 1215 3717 Deurocritus

107 3759 164 3812 scil.
191 3754 249 3811 ἐστι’
276 3758 334 3822 (lib.
353 3758 375 3808 l.
403 3757 488 3809 c.13.
513 3772 538 3824 p.
560 3757 592 3808 77
611 3756 644 3822 D,
679 3751 795 3804 eruditus
820 3749 988 3811 hereditatem
1012 3750 1135 3803 stultitiae
1152 3748 1215 3802 reli-

105 3843 149 3896 lib.
164 3843 198 3895 lt.
218 3859 239 3898 c.
252 3843 295 3897 ut.
311 3859 335 3895 n.
349 3842 374 3893 1.
388 3842 443 3906 ολ),
462 3841 507 3893 uhi
522 3841 643 3893 celebret.
679 3838 735 3904 quit
748 3836 859 3904 Epicuro
868 3836 900 3886 P‘
927 3834 998 3886 idem
1012 3835 1082 3903 alibi,
1099 3835 1156 3887 libri
1175 3833 1214 3884 De

107 3929 134 3980 A
151 3929 265 3994 vestigiis
291 3927 406 3979 codicum
430 3926 504 3977 nimis
521 3925 645 3976 recedunt
679 3925 716 3994 ira
735 3920 972 3985 c.10,.nauitatem
990 3935 1089 3972 omnem
1108 3920 1135 3971 in
1150 3915 1214 3983 lipt-

106 4011 187 4066 Noltii
210 4013 387 4065 coniecturae:
414 4010 505 4063 Πίσαν
524 4004 562 4070 uir
578 4005 644 4077 ολὲῃ
679 4022 769 4059 curum
790 4006 944 4074 profluxisse
972 4006 1062 4058 scribit
1086 4003 1118 4062 de
1142 4002 1213 4081 lauta

107 4099 152 4150 aut
168 4099 205 4148 Π.
225 4090 299 4151 ὅκοο
316 4093 397 4149 utica.
433 4096 569 4147 Caeterum
588 4096 643 4160 χεῖ·
678 4091 816 4158 Leucippi:
835 4091 880 4159 qui
897 4091 967 4144 locus
986 4104 1017 4142 eo
1038 4088 1138 4153 dignior
1157 4085 1214 4138 ani·

106 4199 160 4248 pur
183 4181 313 4237 interdum
331 4180 362 4234 dc
381 4178 505 4235 sacrificio
524 4179 643 4248 usurpari
678 4176 854 4230 madversione
873 4180 921 4240 est,
939 4173 1007 4243 quod
1020 4187 1072 4226 uon
1085 4171 1119 4224 ita
1133 4169 1213 4225 multo
