2836 4852
201 322 248 372 nn
566 298 949 375 PROLEGOMENA.

203 486 257 578 pli
280 485 414 557 iudaici
439 488 637 577 antiquitas
669 490 722 580 (c.
748 491 832 581 22).
881 487 956 578 Ipsi
981 489 1187 578 prophetae
1214 491 1315 559 anti·

204 611 352 701 quiores
375 617 459 681 sunt
481 613 722 704 scriptoribus
745 613 892 705 graecis
919 614 972 704 (c.
993 613 1077 702 23).
1129 613 1253 702 Atque
1275 620 1317 684 ut

202 736 297 809 haec
329 737 448 808 omnia
481 758 553 807 uno
585 739 623 807 in
654 747 853 829 conspectu
884 743 1083 830 ponantur,
1116 739 1203 807 anni
1234 739 1315 810 lle-

202 863 400 932 hraeorum
429 868 667 932 numerantur
690 865 738 933 ah
765 863 909 933 Adamo
938 882 1052 950 usque
1081 864 1130 932 ad
1155 864 1313 933 reditum

203 1007 251 1057 ex
274 986 490 1077 captivitato
510 985 742 1078 Babylonica
764 988 837 1078 (cc.
859 990 918 1057 24.
938 987 1020 1077 25).
1071 987 1128 1055 Ex
1153 1009 1228 1075 qno
1250 988 1314 1058 fa-

203 1112 284 1183 cilis
309 1117 367 1180 est
390 1111 615 1200 comparatio
641 1118 814 1200 quantum
839 1111 985 1181 intersit
1007 1111 1105 1180 inter
1128 1109 1315 1183 Christia-

203 1255 331 1306 norum
369 1241 406 1304 et
443 1231 670 1306 Graecorum
707 1237 882 1307 historias
922 1246 960 1306 et
993 1241 1232 1325 utrorumque
1268 1239 1315 1309 do

202 1360 327 1431 mundi
362 1359 504 1450 origine
534 1361 738 1431 doctrinam
772 1362 823 1452 (c.
850 1362 933 1451 26).
984 1360 1043 1429 No
1075 1360 1162 1449 quid
1190 1370 1314 1433 autom

203 1484 299 1555 desit
324 1484 408 1554 huic
431 1483 706 1577 chronologiae,
730 1483 976 1555 Romanorum
999 1485 1085 1554 anni
1108 1494 1314 1575 portexnn-

202 1614 265 1679 tur
291 1612 348 1679 ad
383 1608 522 1679 obitum
548 1629 663 1699 usque
687 1608 807 1679 Marci
832 1610 974 1679 Aurelii
1002 1610 1054 1700 (c.
1082 1610 1164 1699 27).
1219 1610 1311 1681 Tum

201 1733 313 1805 totius
343 1733 604 1823 chronologiae
640 1733 762 1822 capita
786 1734 987 1824 praecipua
1018 1734 1220 1804 summatim
1242 1754 1310 1803 re-

202 1862 397 1928 censentur
421 1859 472 1949 (c.
495 1857 577 1947 28).
628 1856 685 1926 Ex
706 1857 765 1926 his
789 1859 974 1928 concludit
1000 1879 1108 1948 qnam
1131 1859 1311 1929 immerito

202 1981 436 2052 christianam
472 1981 678 2052 doctrinam
715 1985 880 2053 nonnulli
916 1985 1091 2054 vellicent
1127 1990 1312 2072 tamquam

201 2111 387 2178 recentem
410 2108 462 2198 (c.
483 2107 566 2197 29).

301 2230 458 2302 Perorat
485 2231 716 2321 Theophilus
742 2233 875 2301 librum
899 2233 1035 2322 duplici
1059 2252 1170 2303 causa
1194 2233 1311 2302 allata

200 2376 266 2427 cnr
291 2357 493 2446 scriptores
523 2356 648 2447 graeci
681 2357 865 2426 hebraeos
897 2377 985 2427 raro
1016 2364 1311 2451 commemorent,

200 2482 353 2569 quarum
380 2482 497 2572 prima
523 2487 580 2551 ost
608 2483 705 2569 quod
732 2502 862 2551 recens
888 2482 936 2551 sit
964 2485 1062 2571 apud
1088 2502 1152 2552 eos
1176 2483 1313 2552 litera-

198 2600 279 2677 rum
318 2607 496 2699 cognitio,
537 2608 658 2676 altera
700 2609 799 2695 quod
837 2627 909 2675 non
952 2608 1122 2676 desinant
1160 2606 1310 2677 fabulas

199 2752 324 2802 amare
349 2753 394 2802 ac
416 2732 612 2803 veritatem
640 2731 763 2801 odisse
790 2737 828 2801 et
852 2731 1024 2802 insectari
1051 2732 1103 2822 (c.
1123 2732 1207 2822 30).

223 2966 330 3052 vll.
377 2965 600 3080 Synopsis
640 2967 965 3078 supputationis
989 2965 1229 3079 Theophili
1258 2995 1288 3049 a

245 3104 404 3189 mundo
434 3103 612 3188 condito
639 3101 695 3186 nd
722 3111 905 3187 mortem
931 3105 995 3188 M.
1021 3103 1193 3189 Aurelii
1201 3103 1262 3210 *h

587 3255 656 3323 (nn
676 3255 723 3308 111.
743 3270 765 3308 ο.
782 3254 922 3325 as-as.)
1028 3325 1030 3328 ⁴
1292 3250 1295 3256 ·

192 3359 302 3460 Adam
317 3372 414 3460 filium
434 3371 543 3450 genuit
564 3387 592 3431 a.
670 3372 732 3430 230
771 3385 881 3448 Enoch
1248 3387 1309 3446 165

52 3515 54 3519 ·
196 3473 276 3535 Seth
669 3473 730 3531 2⁰5
769 3487 948 3549 Mathusala
1245 3487 1308 3546 167

194 3575 282 3637 Eoos
670 3574 731 3632 190
770 3583 907 3650 Lamech
1247 3583 1310 3648 188

194 3675 312 3739 cainan
667 3675 728 3734 17⁰
769 3690 838 3752 Noe
859 3693 954 3769 temp.
976 3690 1088 3752 diluvii
1245 3690 1308 3749 600

190 3779 343 3855 Malalcol
667 3776 727 3834 165
876 3849 878 3852 ¹
1126 3841 1130 3845 .
1157 3786 1311 3882 ’‘ff-2

191 3878 301 3949 laroth
668 3876 729 3934 162
1159 3921 1306 3932 ...-

197 3996 442 4014 m

260 4045 290 4116 ²⁸)
318 4046 404 4100 hicum
430 4044 471 4096 cst
496 4039 630 4116 Theophili
654 4051 776 4094 numeros
801 4051 861 4092 vcro
888 4037 1025 4103 exhihere,
1050 4049 1101 4090 non
1126 4036 1210 4087 aulem
1233 4046 1310 4087 voror

191 4143 248 4183 csse
267 4127 414 4184 ostendere.
916 4132 919 4137 ·
