2836 4852
201 258 223 321 ο
509 222 994 323 uunoeuiu1nuuioouunr

202 423 255 490 τδν
280 424 356 489 θεόν
386 431 473 505 μου“.
519 425 626 492 3Ἐπεί
655 432 751 504 δεῖξον
773 429 938 509 βλέποντας
959 425 1031 501 rode
1053 424 1238 508 ὀφθαλμούς
1260 435 1316 512 τῆς

202 537 303 616 ψυχῆς
332 553 402 611 σου,
431 537 480 598 καὶ
512 535 547 600 ταὶ
578 530 639 600 oden
669 540 721 616 τῆς
751 538 875 619 καρδίας
905 554 961 598 σου
989 533 1151 600 οἷκοδοντα.
1196 537 1315 621 Ὥσπερ

201 643 258 726 γὰρ
283 648 313 707 oi
332 646 491 726 βλέποντες
514 655 578 720 τοῖς
603 645 775 727 ὀφθαλμοῖς
804 650 858 707 τοῦ
888 646 1024 726 σείματος
1052 652 1234 710 κατανοοῦσι
1256 651 1315 730 τὴν

202 757 258 816 τοῦ
278 757 348 835 βίον
378 756 427 817 καὶ
457 757 585 837 ἐπίγειον
604 757 821 837 πραγματείαν,
851 753 911 834 ἅμα
936 755 1168 834 4δοκιμάζοντες
1189 756 1226 819 τοί
1251 761 1314 821 δια-

202 865 348 945 φέροντα,
380 862 449 944 ἤτοι
477 871 546 943 φαῖς
573 863 593 944 ἢ
623 862 744 938 σκότος,
771 860 791 942 ἢ
818 861 923 927 λευκδν
952 860 1101 943 ἢμέλαν,
1133 863 1153 944 ἢ
1176 861 1315 946 ἆειδέςῆ

202 969 371 1055 εὔμορφον,
394 970 414 1052 ἢ
434 972 589 1055 εὔρυθμον
611 974 660 1036 καὶ
683 971 823 1054 εὔμετρον
845 969 867 1052 ἢ
888 970 1030 1052 ίίρυθμον
1054 975 1104 1036 καὶ
1127 971 1314 1056 δίμετρον,ἢ

201 1080 386 1163 ὑπέρμετρον
406 1079 426 1160 ἢ
448 1083 609 1165 κόλουρον,
641 1080 752 1163 δμοίως
779 1083 811 1146 δέ
832 1078 940 1144 καί-ταί
961 1079 1010 1142 ὑπ’
1035 1078 1134 1163 α’κοήν
1155 1089 1314 1162 πίπτοντα,

201 1188 223 1271 ἢ
246 1187 391 1268 ὄξύφωνα
413 1189 434 1272 ἢ
456 1191 626 1272 βαρύφωνα
646 1188 666 1270 ἢ
686 1188 854 1271 ἡδδφωνα,
886 1186 1007 1263 οοὕτως
1030 1192 1091 1271 έχοι
1113 1188 1152 1254 δν
1173 1195 1224 1256 καὶ
1246 1196 1347 1277 περίΒ

202 1301 238 1361 τὰ
262 1292 324 1361 ὦτα
345 1304 398 1378 τῆς
420 1302 542 1379 καρδίας
564 1301 613 1362 καὶ
637 1300 707 1372 τούς
728 1297 909 1378 ὀφθαλμοὺς
930 1295 1002 1371 τούς
1023 1304 1078 1378 τῆς
1099 1307 1201 1381 ψυχῆς
1221 1303 1314 1367 δύνα.

202 1415 276 1470 σθαι
291 1407 366 1470 θεὸν
380 1403 560 1472 θεάσασθαι.
592 1410 733 1471 Βλέπεται
756 1405 813 1490 γδρ
834 1409 908 1480 θεὸς
929 1414 993 1480 τοῖς
1015 1410 1195 1488 δυναμένοις
1217 1408 1314 1475 αὐτὸν

202 1515 288 1598 δρᾶν,
310 1515 385 1580 dudo
408 1518 496 1598 έχωσι
512 1513 583 1590 node
598 1513 779 1596 ὄφθαλμοδς
795 1511 1000 1598 ἀνεῳγμένους
1016 1520 1070 1596 τῆς
1084 1523 1194 1598 ψυχῆς.
1227 1521 1312 1583 Πάν.

202 1649 248 1699 τες
268 1625 322 1705 μὲν
345 1628 400 1707 γὰρ
424 1627 524 1706 έχουσι
551 1628 621 1700 τοὺς
650 1623 847 1706 ὀφθαλμούς,
879 1621 950 1687 diti
975 1627 1050 1688 ένιοι
1071 1623 1311 1708 δποκεχυμένονς

202 1735 251 1796 καί
273 1732 314 1815 μὴ
336 1736 500 1816 βλέποντας
525 1736 556 1797 td
581 1739 725 1811 meiguod
746 1731 841 1813 ἡλίου.
883 1734 941 1796 Καὶ
962 1731 999 1796 od
1018 1733 1100 1816 παραὶ
1122 1738 1156 1799 nd
1179 1738 1219 1818 μή
1240 1739 1310 1818 βλέ-

203 1867 269 1906 πειν
292 1844 364 1916 τοῦς
384 1842 518 1920 τυφλοδς
539 1842 598 1925 ἤδη
619 1845 669 1907 καί
685 1839 741 1906 οὐκ
762 1842 863 1906 ὃἔστιν
880 1840 912 1904 ed
931 1847 999 1919 φῶς
1015 1848 1069 1905 τοῦ
1084 1841 1172 1922 ἡλίου
1187 1855 1312 1922 φαῖνον,

203 1949 275 2013 ἄλλα
293 1950 418 2026 ἕαυτοδς
440 1949 646 2015 αἰτιάσθωσαν
668 1955 698 2015 οἱ
710 1953 818 2026 τυφλοὶ
833 1953 882 2014 καὶ
899 1949 970 2025 τοδς
987 1953 1104 2015 §uvion
1121 1952 1312 2035 ὀφθαλμούς.

202 2058 335 2134 7Οὕτως
357 2061 405 2122 καὶ
429 2056 481 2138 od,
506 2054 531 2123 od
553 2059 712 2142 ίίνθρωπε,
744 2063 817 2142 ἔχεις
839 2057 1078 2141 δποκεχυμένους
1101 2060 1172 2136 τούς
1194 2063 1312 2141 ὀφθαλ-

203 2170 279 2248 μούς
305 2175 359 2250 τῆς
385 2174 487 2251 ψυχῆς
519 2190 573 2234 σου
602 2166 662 2234 dui
685 2175 747 2233 τῶν
773 2167 992 2252 α’μαρτημαίτων
1016 2171 1065 2233 καὶ
1088 2177 1150 2235 τεδν
1173 2171 1344 2256 πράξεοίνθ

204 2298 259 2341 σον
284 2284 345 2341 τῶν
367 2285 519 2359 πονηρῶν.
554 2275 673 2360 Ὥσπερ
702 2283 846 2362 έσοπτρον
878 2280 1108 2359 έστιλβαμένον,
1138 2281 1237 2356 οὕτως
1268 2285 1316 2346 δεῖ

203 2557 309 2608 formula
329 2553 423 2620 δεῖξόν
440 2575 489 2624 μοι
507 2576 542 2594 -ι
561 2554 634 2624 nepot
657 2557 739 2621 δείξω
774 2555 839 2620 dem,
861 2561 887 2606 et
905 2555 980 2607 dicit:
1000 2557 1067 2608 Ecce
1085 2561 1125 2608 est
1143 2557 1205 2608 deus
1224 2572 1312 2625 meus;

204 2657 248 2694 σοι
268 2643 293 2694 in
312 2643 361 2710 Ep.
380 2645 430 2695 iac.
448 2643 474 2705 2,
495 2643 528 2693 18
547 2644 686 2710 reperitur.
775 2642 816 2692 ubi
830 2645 870 2693 est
889 2640 950 2692 dene
963 2641 1042 2692 tunsi
1069 2641 1172 2692 iuvouit
1186 2640 1230 2693 ilio
1245 2642 1312 2708 quod

272 2727 296 2778 3.
314 2722 388 2779 Ἐπεί
407 2727 511 2794 δεῖξον]
529 2724 606 2780 Ἐπεὶ
621 2743 675 2778 cum
691 2728 739 2778 im·
775 2725 923 2778 ostenderet
939 2726 1019 2776 ocutis
1037 2728 1129 2778 earnis.
1156 2726 1212 2791 Ego
1227 2731 1311 2778 autem

203 2813 315 2877 peretivo
334 2814 498 2864 offensionem
520 2828 569 2864 uon
589 2813 672 2863 hebet.
701 2812 740 2862 Cf.
775 2825 834 2875 nou,
854 2811 925 2877 quusi
944 2824 995 2862 non
1013 2810 1116 2861 habeam
1131 2826 1205 2877 quem
1223 2814 1312 2863 osten-

203 2894 285 2947 Klotz.
314 2897 343 2946 ad
370 2897 464 2948 Dever.
495 2897 549 2948 Vol.
572 2896 606 2947 li.
634 2912 658 2962 p.
679 2896 740 2948 543.
774 2895 840 2946 dem.
870 2895 922 2947 Sed
942 2894 1311 2962 nonhabetiiieoeuloequi·

204 2980 366 3048 Quapropter
385 2980 446 3032 nihii
465 2996 527 3048 opus
549 2985 588 3032 est
612 2981 661 3031 ntia
681 2994 738 3030 ner·
772 2980 820 3032 bus
834 2981 975 3031 ostendum.
995 2979 1082 3030 Potuit
1096 2981 1161 3031 enim
1175 2980 1218 3031 ille
1232 2980 1312 3031 oeulis

203 3067 291 3119 borum
312 3063 370 3119 έπελ
390 3065 483 3129 δεῖξον
506 3066 650 3117 mutatione.
675 3065 737 3115 Duc,
774 3066 889 3132 eorporis
911 3065 958 3115 mei
983 3063 1119 3117 ostendere
1144 3064 1217 3116 doum
1236 3080 1311 3114 suum

203 3152 274 3218 legit.
295 3149 442 3216 ἐπίδειξον.
480 3151 548 3203 idom
568 3150 645 3202 uoluit
664 3149 738 3200 Woii.
774 3149 878 3202 Soiem:
905 3150 996 3216 quibus
1014 3163 1061 3214 ego
1081 3151 1160 3201 ocutis
1178 3148 1311 3201 ostendum

204 3239 298 3302 tegere.
320 3241 435 3291 coniecit
453 3239 594 3290 Heumann.
630 3235 737 3302 (Poecil.
774 3236 841 3287 Solis
857 3235 1035 3287 creatoremi“
1054 3234 1228 3287 Similiterlto
1241 3249 1311 3299 sym-

205 3322 234 3373 T.
250 3323 271 3372 Ι.
288 3339 313 3390 ρ.
326 3324 389 3389 507)
410 3317 428 3390 ἢ
446 3318 573 3386 ἄνοιξον,
591 3325 639 3372 out
652 3322 737 3388 operi.
773 3318 830 3371 boio
850 3320 895 3371 ΙΙΙ.
915 3335 935 3370 ο.
953 3319 984 3370 3:
1016 3319 1090 3384 „Ego
1110 3318 1210 3386 quidem
1231 3319 1311 3370 habeo

205 3407 352 3472 Anouynms
371 3409 505 3474 (Bibiioth.
523 3406 617 3458 Lubee.
637 3405 690 3456 Vol.
707 3405 739 3456 u.
775 3405 848 3455 etium
864 3403 936 3454 modo
952 3417 1026 3469 quem
1039 3403 1085 3453 tibi
1102 3402 1247 3466 ostendam3
1266 3401 1327 3453 sedi

204 3504 228 3554 p.
249 3489 313 3554 223)
349 3493 478 3544 substituit
512 3488 607 3544 ἔπειτα
638 3489 738 3552 δεῖξον.
774 3493 800 3540 tu
828 3503 876 3539 nou
903 3488 981 3539 trebes
1007 3488 1094 3539 oeulos
1119 3487 1185 3538 unde
1213 3485 1309 3538 videas.

205 3575 387 3628 Thiouemaun.
415 3571 560 3642 ἐπιδείξων
579 3574 738 3628 commenda·
774 3575 847 3626 Boeti
859 3574 933 3638 enim,
951 3573 985 3624 ait
999 3573 1110 3623 salvator
1122 3575 1220 3638 noster,
1237 3587 1312 3622 mun·

205 3660 249 3709 vit.
283 3659 382 3712 iuutiiis
400 3662 486 3723 lobon
508 3663 577 3713 iocus
596 3676 673 3712 sanus
691 3663 739 3710 est.
775 3659 798 3710 di
818 3655 908 3709 eorde:
936 3657 1052 3722 quonium
1078 3657 1126 3722 ipsi
1147 3657 1220 3707 deum
1239 3656 1311 3708 vide·

206 3772 238 3781 -
258 3743 416 3808 Augustinus
441 3748 466 3797 in
488 3746 579 3798 Psoim.
598 3745 645 3799 41:
670 3744 739 3809 „Pu-
774 3744 845 3794 bunt.
889 3740 940 3793 Cor·
967 3738 1120 3791 immundum
1147 3743 1173 3790 et
1196 3740 1310 3792 tenebris

205 3843 285 3895 genus
304 3830 325 3880 si
345 3829 404 3879 mitri
422 3828 529 3881 dixerit:
554 3828 602 3880 Ubi
620 3832 660 3879 est
678 3827 739 3878 deus
775 3830 934 3892 peecatorum
953 3825 1098 3877 obuolutum
1119 3825 1192 3876 deum
1211 3825 1312 3891 quaerit

206 3914 283 3965 toust
310 3927 393 3964 nonne
412 3913 448 3965 iiii
468 3916 494 3963 et
513 3926 560 3977 ego
579 3926 681 3978 possum
701 3909 738 3960 di·
775 3911 875 3962 videre!
908 3910 965 3961 Lux
984 3909 1052 3960 lucet
1070 3911 1098 3961 in
1116 3909 1246 3974 tenebris,
1265 3907 1312 3959 sed

205 4015 279 4052 cere:
314 4000 361 4051 Ubi
387 4003 427 4050 est
453 3997 515 4049 deus
540 3997 617 4048 tunsi
660 3997 740 4046 iteum
774 3997 895 4046 tenebrae
911 4009 965 4045 eem
987 4008 1037 4045 non
1056 3992 1311 4062 comprehenderunt.

205 4085 296 4151 quippe
315 4100 387 4136 ouum
405 4083 483 4149 digito
502 4081 622 4134 ostendit.
652 4081 739 4131 luten·
774 4079 900 4145 Numquid
920 4081 976 4144 quia
996 4094 1086 4130 caecus
1105 4092 1156 4129 non
1170 4077 1239 4128 videt
1252 4077 1310 4128 ideo

205 4167 241 4219 dit
267 4171 331 4222 enim
358 4168 462 4235 digitum
487 4166 517 4218 od
543 4165 650 4233 aliquem
676 4164 739 4230 iopi—
775 4164 818 4217 tux
838 4177 887 4214 nou
906 4163 991 4214 lucet?
1018 4163 1045 4214 Si
1065 4177 1164 4226 nosses,
1183 4175 1197 4213 o
1217 4159 1310 4212 infide·
1395 4219 1399 4229 Ι
