2836 4852
420 245 476 328 AD
499 243 739 306 toronicum
764 244 840 305 utu.
863 244 900 304 11.
1155 245 1214 310 itt

107 416 239 492 Aramo,
263 415 457 475 occasionem
479 417 661 492 poenitendi
684 419 716 474 st
739 415 905 476 contitendi
930 415 1085 492 praebere
1108 406 1217 496 vellet,

108 525 202 591 dixit:
254 523 312 584 Uti
334 524 403 601 [ert]
427 523 503 584 Atel
521 527 623 603 frater
646 526 733 584 tuns?
778 524 894 583 Gainus-
922 527 1025 584 autem
1054 529 1216 591 contuma-

109 631 187 693 citer
216 635 383 709 respondit
411 635 470 693 deo
502 635 624 693 dicens:
671 633 801 703 Nesci03
835 653 906 694 nmn
935 653 993 713 epo
1024 642 1125 694 custos
1153 656 1216 695 rum

108 744 218 820 fratris
250 744 331 802 mei?
384 742 462 802 Hinc
491 746 589 804 iratus
622 745 699 804 deus
731 743 824 802 dixit:
873 743 975 814 anre
1002 742 1060 804 lroc
1088 746 1217 823 fecisti?

117 851 185 911 Vox
214 854 370 931 rcnyninis
398 855 508 931 frotm'r
533 854 578 913 toi
601 851 716 913 elamat
737 851 781 923 orl
804 871 851 911 me
873 871 914 911 ex
937 859 1027 912 terro.
1073 853 1116 912 Et
1136 873 1216 914 nono

109 961 290 1021 maledictus
318 969 350 1021 tn
381 962 470 1038 [erto]
496 961 542 1022 ete
570 970 669 1029 terro,
701 979 777 1041 qnae
799 961 921 1038 operuit
942 979 973 1020 ss
994 969 1028 1021 ut
1049 963 1217 1041 conciperet

108 1074 283 1150 sceptrinum
310 1072 420 1150 fratris
451 1073 496 1131 ini
524 1091 563 1130 ee
590 1091 680 1131 niano
710 1077 780 1140 tour
808 1088 928 1148 pentem
957 1079 986 1130 et
1009 1077 1136 1131 tremens
1158 1072 1217 1132 eris

108 1181 139 1239 in
163 1180 253 1240 terem
300 1177 499 1257 Quapropter
530 1198 570 1239 ex
599 1196 637 1239 eo
659 1183 802 1255 tempore
825 1179 937 1238 timore
959 1181 1106 1256 perculsa
1128 1185 1220 1240 terra·

108 1291 224 1349 nutlius
247 1293 306 1349 iam
331 1290 462 1349 hominis
485 1291 666 1365 sanguinem
689 1289 839 1364 suscipit,
868 1288 924 1346 sed
947 1305 1005 1348 noc
1029 1268 1217 1349 uitius‘ani-

109 1401 215 1473 malis3
253 1400 333 1458 unda
364 1398 659 1474 patetcutpamin
684 1412 805 1455 canon
829 1397 989 1472 residere,
1023 1399 1080 1456 sed
1103 1399 1133 1456 in
1156 1399 1216 1460 ho-

107 1505 187 1566 mine
211 1508 413 1582 praeceptum
436 1505 700 1580 transgrediente.
795 1555 801 1562 ,

137 1666 140 1673 ,
196 1616 247 1673 30.
270 1614 342 1689 lpsc
364 1629 486 1688 quoque
510 1610 624 1674 Cainus
646 1600 741 1672 titium
764 1612 884 1688 habuit,
906 1617 1079 1674 cninomen
1096 1614 1214 1676 Enoch.

107 1722 152 1781 Et
174 1721 355 1799 aedificavit
376 1723 484 1789 robam,
510 1742 597 1801 qurum
620 1720 791 1799 appellauit
810 1721 930 1780 nomine
951 1720 1012 1800 filit
1033 1725 1080 1783 sni
1099 1723 1216 1785 Enoch.

108 1830 174 1890 iloc
205 1830 264 1890 fuit
295 1832 412 1889 initium
445 1830 565 1890 urbium
596 1829 875 1906 aedificandarum,
906 1831 1000 1907 idque
1031 1835 1103 1892 ante
1134 1835 1217 1893 dilu-

109 1941 208 2001 vium:
234 1957 295 2000 non
315 1943 348 2000 ut
370 1939 523 1999 Homerus
547 1941 693 1999 mentitur
717 1940 841 1998 dicens:

247 2049 392 2108 Nondum
415 2050 493 2108 enim
516 2047 684 2129 aedificata
708 2056 774 2108 erat
796 2049 865 2108 verbs
887 2047 1049 2117 dominum.
1087 2093 1090 2098 -

110 2159 239 2219 Enoodo
262 2167 360 2220 certem
384 2159 448 2237 fcit
469 2157 551 2237 filins
573 2140 693 2218 nomine
718 2155 847 2218 Garrod
855 2179 864 2228 3
886 2159 992 2236 permit
1013 2149 1154 2230 Meelem,¹
1187 2170 1221 2222 et

108 2380 134 2430 in
158 2380 302 2432 uniuersum
327 2379 374 2432 ssd
397 2379 428 2431 de
448 2380 522 2431 Troia
548 2378 644 2444 sigitta-
681 2373 703 2429 o'
724 2392 762 2444 ap.
776 2376 889 2430 Holmes.
910 2375 1027 2444 ἐγενήθη
1044 2374 1222 2448 suppeditant

108 2466 155 2517 tim
169 2464 280 2517 disserit.
304 2465 421 2533 Wolfios.
451 2464 592 2517 Fatendum
606 2468 646 2515 est
681 2464 719 2515 Cf.
741 2479 762 2514 c.
781 2463 822 2514 31.
842 2479 866 2514 n.
886 2463 911 2516 7.
930 2464 1010 2532 ‚Turn
1032 2464 1093 2516 editi
1113 2470 1216 2531 practer

110 2548 214 2601 Homeri
240 2551 315 2601 verba
339 2555 454 2602 accurate
473 2566 486 2602 a
505 2549 645 2615 Tireoptrito
681 2549 745 2600 ittar.
763 2550 788 2598 st
801 2547 925 2614 Humpin.
942 2545 1121 2600 nonI'ni'duid
1140 2549 1214 2614 (Ven.

109 2647 162 2685 non
180 2633 280 2686 referri.
315 2634 373 2686 Non
392 2637 476 2685 tamon
495 2631 645 2685 crediderim
681 2636 707 2693 ct
725 2631 824 2698 Boot),
843 2631 888 2683 sed
908 2625 1022 2692 Γαῖδοὶς.
1056 2633 1124 2684 Ante
1144 2630 1216 2699 ἐγέν-

110 2719 255 2780 memoriam
275 2718 298 2769 ei
318 2718 463 2784 effloruisse3
481 2716 584 2768 videtur
598 2730 645 2786 po·
680 2732 763 2783 νησεν
782 2719 857 2781 (Vcn.
872 2720 898 2769 st
911 2716 999 2783 Bodi.;
1019 2722 1045 2770 at
1061 2717 1127 2769 Feli.
1141 2718 1224 2770 weit?

109 2805 160 2855 tius
180 2804 245 2855 hunc
268 2803 349 2855 iocum
376 2807 472 2854 attente
499 2800 646 2853 considera·
682 2803 805 2868 Humphr.
817 2803 894 2869 -σε)
912 2801 973 2854 editi
985 2803 1079 2854 hatoni
1092 2795 1132 2868 ὃς,
1151 2804 1217 2871 quod

110 2894 163 2941 tum
185 2890 221 2955 sic
239 2889 404 2956 interpretari
428 2889 500 2955 qnasi
519 2887 646 2949 Homerus
682 2887 711 2938 ab
736 2891 844 2954 utroque
871 2887 925 2938 cod.
949 2892 1015 2939 msto
1040 2889 1118 2940 abest.
1154 2890 1217 2941 iiiiiri

109 2976 210 3027 Troiam
225 2973 334 3044 exempti
349 2975 404 3026 ioco
418 2974 540 3037 nominet,
559 2976 587 3023 ut
601 2987 647 3023 ur·
681 2970 817 3038 tegendum
836 2971 937 3025 videtur
954 2972 1001 3025 not
1020 2969 1139 3025 Γαϊὸἁᾶ.
1174 2973 1218 3026 Si-

107 3060 154 3112 bes
172 3058 283 3111 nondum
302 3058 416 3111 conditas
429 3059 508 3110 tuisse
525 3056 646 3109 declaret.
683 3058 748 3108 milis
767 3057 872 3122 erroris,
892 3057 979 3109 eodem
1001 3073 1033 3115 ex
1048 3059 1126 3110 norbo
1140 3072 1218 3125 repe·

109 3144 230 3209 ssuamrts
258 3145 325 3196 enim
353 3145 399 3196 sub
426 3143 577 3210 Phoroneo,
605 3143 648 3209 qui
682 3143 733 3192 tito·
747 3141 809 3204 nati,
829 3142 970 3208 exemptum
987 3142 1055 3194 illico
1068 3144 1218 3209 conspicere

109 3233 172 3280 anto
193 3227 337 3280 Dardanum
361 3228 426 3289 tuit,
454 3227 586 3279 nomadum
609 3227 646 3278 ri·
681 3227 755 3278 ticet:
775 3242 800 3278 n.
818 3229 844 3278 i.
874 3228 955 3279 Verba
974 3222 1024 3279 edo
1043 3226 1225 3296 καλούμενον-

108 3319 159 3366 tam
183 3315 317 3380 homines,
343 3317 372 3364 nt
396 3316 507 3365 testatur
526 3314 646 3365 Tatianus
682 3307 778 3380 Μεήλ,
805 3327 868 3379 quae
889 3312 949 3364 Ven.
968 3315 995 3363 et
1012 3313 1085 3368 Bodt.
1104 3319 1218 3381 tuentur,

111 3415 131 3451 c.
145 3396 187 3463 39,
206 3392 323 3450 terantur
341 3399 474 3463 abiecisse,
492 3412 543 3448 non
562 3403 646 3449 tamen
681 3400 810 3449 mutarunt
830 3396 896 3449 ren.
916 3401 941 3448 et
959 3397 1035 3449 Woti.
1054 3399 1080 3454 in
1099 3396 1150 3452 τὸν
1167 3418 1217 3452 uc-

110 3482 206 3549 grands
232 3487 344 3535 erratum
371 3498 384 3534 a
410 3472 551 3550 Theophilo
577 3496 647 3532 rom·
681 3474 818 3547 λούμενοι
834 3477 987 3546 Μαλελεήλ.
1021 3473 1218 3536 Debebantsai·

109 3568 229 3632 missum,
253 3569 354 3619 strom
380 3568 462 3619 serius
486 3568 516 3618 ab
534 3567 646 3619 Homero
681 3569 732 3618 tem
751 3567 864 3617 scribere
884 3560 935 3618 τὰν
953 3563 1114 3633 Μαλελεήλ,
1133 3574 1161 3621 ut
1178 3574 1219 3623 est

109 3652 228 3704 coitocari
247 3653 439 3705 existimaverit.
465 3652 605 3704 Marones.
682 3652 707 3701 tn
726 3651 792 3715 vulg.
813 3650 918 3711 Btbtiis3
947 3664 1004 3701 nam
1030 3651 1091 3703 iilud
1116 3652 1217 3708 uctori-

178 3736 202 3789 3.
222 3737 272 3806 ’Τῷ
353 3733 484 3802 σιδήρου]
505 3735 601 3787 Grues.
620 3735 646 3800 4,
681 3751 766 3800 μενον
792 3739 850 3786 aute
876 3731 960 3801 Μεήλ
983 3732 1049 3787 unde
1075 3741 1158 3796 ortum
1185 3739 1219 3791 sit

109 3819 318 3875 18-2tftttnt
333 3825 437 3887 praeter
452 3820 578 3886 Humptn.
596 3833 647 3893 non
681 3819 753 3871 tacite
780 3819 941 3886 perspicitur.
987 3822 1022 3873 At
1052 3822 1218 3892 Theophilum

112 3904 161 3976 Τᾷ
189 3901 221 3970 di
250 3906 296 3959 sed
322 3907 403 3976 τῷδε.
448 3906 498 3958 Pro
528 3897 646 3970 ἐγενήθη
682 3901 733 3956 τόν
753 3906 812 3956 καλ.
830 3901 912 3971 Merit
937 3905 1072 3974 scripsisse
1096 3912 1167 3974 patet
1185 3919 1218 3957 ex

110 3990 203 4058 (ten.)
227 3979 324 4044 hatrat
345 3989 419 4044 Bodt.
446 3993 472 4041 et
496 3988 555 4040 editi
574 3984 647 4054 tyrs·
683 3989 798 4057 eoquod
817 3991 959 4057 complures
985 3990 1056 4043 codd.
1075 4006 1114 4057 ap.
1133 3990 1184 4053 liot
1211 4025 1218 4040 .

109 4068 213 4143 edim·
230 4074 305 4129 liunt
329 4075 404 4128 ettam
423 4072 493 4127 codd.
514 4074 573 4126 msti
591 4074 648 4126 τῶν
683 4075 723 4140 (et
740 4074 826 4140 Philo)
843 4073 910 4127 idem
931 4071 1014 4143 Μεήλ
1033 4004 1226 4183 exhibeo&
