2836 4852
422 276 481 341 An
502 278 747 344 AUTOLYCUM
770 280 849 347 ullu
866 280 907 344 Π.

154 449 242 512 Haeo
262 446 339 511 atat
359 449 455 512 dieite
474 449 583 512 Musae
596 448 756 535 vOtpoupia
776 460 860 514 tecte
880 459 1014 514 tenentes

156 558 201 621 At
219 559 327 629 initio,
350 567 381 623 et
407 560 503 622 dieite
525 561 602 644 quid
623 561 730 622 torum
749 564 880 641 primum
903 571 1000 623 ortum
1022 565 1073 626 sit.

110 654 196 729 lleee
216 671 327 730 sutem
341 672 496 746 quomodo
516 673 625 733 Musae
644 675 809 748 noverunt,
832 688 913 747 quae
931 675 1046 734 mundo
1066 679 1141 739 natu
1161 681 1221 740 mt-

110 795 206 841 nores
227 781 323 840 suntt
368 780 433 840 Aut
455 782 610 856 quomodo
630 782 780 858 poterant
802 780 942 842 Hesiodo
963 800 1105 864 uerrere,
1129 802 1222 863 quun

109 891 331 966 paternarum
354 891 488 950 noudum
510 888 633 968 genitus
655 889 767 950 torott
1173 886 1175 891 ’
1209 889 1212 893 ’

196 1001 227 1058 a.
257 999 305 1059 Ao
334 998 495 1060 materiam
525 1001 658 1076 quidem
678 999 789 1060 statuit
812 1000 1039 1075 quodanmodo
1063 1005 1096 1064 et
1118 1007 1222 1068 munti

112 1109 320 1188 creationem,
343 1128 434 1186 quum
456 1111 518 1171 alt:
1181 1112 1184 1117 '

152 1216 290 1279 Primum
312 1219 433 1300 quidem
456 1217 557 1280 Chaos
580 1220 720 1290 sustitit,
743 1241 782 1282 aa
803 1218 917 1282 deinde

158 1325 259 1388 Tellus
281 1327 346 1389 tato
365 1339 494 1410 pectore
504 1328 665 1410 praedita,
689 1331 820 1390 omnium
835 1330 931 1390 sotum
952 1338 1046 1394 tutum
1063 1327 1197 1416 semper⁸

154 1437 393 1507 Immortaliuns,
416 1440 469 1518 qui
489 1445 591 1498 tenent
613 1441 687 1517 iupa
706 1440 806 1499 nivosi
831 1439 959 1523 Olympi
966 1485 974 1509 ‚

159 1545 350 1628 Tartaraque
371 1547 544 1615 tenebrosa,
567 1564 714 1606 recessum
736 1556 836 1608 terrae
857 1548 1027 1628 spatiosae,

154 1653 256 1736 Atque
277 1655 385 1726 Amor,
409 1657 463 1736 qui
477 1652 700 1735 pulcherrimus
721 1657 801 1716 inter
822 1657 1007 1719 immortates
1030 1659 1121 1731 deos,
1182 1726 1193 1747 .

154 1764 282 1826 Soluens
304 1785 411 1833 eruas,
434 1774 464 1824 et
488 1766 620 1825 omnium
641 1764 766 1826 dearum
790 1768 980 1847 omniumque
1002 1767 1154 1833 hominum
1244 1841 1256 1855 Ὗ

153 1875 272 1935 Domat
296 1877 329 1934 tn
349 1874 525 1953 pectoribus
547 1882 673 1935 mentem
695 1883 725 1936 et
744 1875 882 1956 prudens
903 1876 1072 1941 consitium.

155 1985 209 2045 Em
233 1983 320 2046 Chao
341 1992 441 2045 autern
463 1985 578 2046 Erebeae
598 1987 748 2068 uiprapue
769 1985 847 2048 Nox
865 1986 946 2047 editi
965 1995 1045 2050 sunt.

160 2095 254 2156 Terra
275 2113 344 2155 uero
364 2096 496 2173 primum
519 2094 641 2176 quietem
661 2097 769 2174 penuit
788 2114 896 2175 parem
917 2097 976 2158 siti

159 2202 282 2268 Caelum
302 2201 398 2264 stellis
421 2210 576 2272 meatum,
599 2211 633 2265 ut
655 2207 753 2283 ipsum
776 2213 873 2266 totam
896 2206 1038 2287 autopat,

163 2313 204 2374 Ut
226 2321 301 2373 esset
322 2313 417 2373 beatis
440 2313 502 2373 diis
523 2312 609 2374 sedes
631 2322 696 2374 tuta
718 2333 835 2393 semper
842 2336 852 2385 ;

159 2421 270 2484 Gemuit
292 2423 412 2483 Montes
434 2421 531 2492 altos,
554 2421 678 2483 dearum
700 2430 807 2502 pratus
828 2423 988 2502 speluncas

157 2532 387 2615 Nympharum,
409 2550 486 2612 queue
507 2530 648 2592 habitant
670 2527 785 2591 montes
808 2552 975 2602 caracenam

120 2696 122 2700 ,
157 2642 262 2703 Etiam
284 2642 504 2721 iufrupiferum
523 2638 656 2721 pelopus
675 2642 799 2720 peperit
822 2646 907 2701 aestu
927 2642 1050 2719 furens,

158 2751 307 2820 Pontum,
332 2751 396 2810 sine
418 2769 522 2810 amore
544 2748 735 2820 delectabili}
754 2758 865 2828 postea
887 2767 958 2808 sero

136 2851 256 2923 “Coelo
277 2860 475 2921 coueumbens
496 2861 602 2941 penuit
628 2859 781 2921 Oceanum
803 2860 997 2921 vorticosum.

115 3099 179 3150 Vsu.
204 3103 230 3152 et
254 3097 328 3154 Budl.
351 3103 488 3167 utrumque
510 3099 652 3153 omiserunt
686 3099 734 3167 (ex
753 3098 837 3168 llas.).
870 3097 958 3152 Paullo
984 3101 1042 3151 onte
1061 3098 1124 3150 Van.
1143 3094 1223 3152 α’σττ·

114 3198 227 3248 versum,
250 3183 294 3250 qui
307 3197 347 3250 op.
361 3184 423 3236 Hes.
435 3185 566 3253 sequitur:
589 3186 652 3238 Nu·
687 3183 796 3254 ρότντα.

115 3267 182 3331 uasis
199 3265 224 3322 δ’
242 3259 414 3337 aristentus
433 3287 461 3323 se
485 3269 533 3325 uui
549 3265 651 3341 Ἡμέρη
754 3270 779 3324 9.
799 3273 826 3323 Γ
824 3269 930 3338 sisare]
945 3269 1060 3335 Uterque
1073 3267 1128 3320 cod.
1142 3271 1224 3321 matut

115 3352 291 3423 ἔξινένοντν,
311 3353 324 3427 Η
345 3349 396 3417 οὓς
422 3353 483 3410 τέκε
501 3355 664 3428 rssroupr'up',⁸
687 3357 752 3408 sicut
772 3357 851 3409 Geso.
879 3360 905 3408 et
930 3357 995 3406 lter.
1021 3354 1135 3422 paleare.
1172 3352 1224 3406 Pro

114 3437 222 3512 Ἐρέβει
235 3439 366 3510 φιλότητι
381 3435 502 3510 μιγεῖσα.
531 3445 652 3499 Sededt-
686 3443 759 3494 θεᾶν
783 3440 860 3507 (Veo.
879 3447 904 3492 et
923 3438 1012 3506 Bait.)
1038 3438 1225 3491 substituerunt

115 3533 187 3582 tores
206 3528 340 3598 Theophili
357 3544 378 3579 e.
398 3529 478 3581 Geso.
495 3546 525 3582 ex
539 3531 651 3594 Hesiodo
688 3526 799 3578 editores
824 3542 846 3577 e.
868 3524 947 3576 Geso.
971 3525 1048 3576 θεῶν
1072 3529 1118 3588 (ex
1137 3517 1224 3589 Hesp

114 3615 213 3666 temore
227 3611 393 3665 admiserunt.
421 3613 651 3667 Alterumversum
688 3612 727 3663 Gt.
754 3611 897 3675 Heumann,
920 3608 1027 3676 Opusee.
1049 3606 1092 3660 tlt.
1119 3625 1144 3677 p.
1164 3606 1224 3662 162.

116 3699 193 3752 atium
212 3699 367 3768 Hippolytus
385 3698 401 3749 l.
420 3714 441 3751 e.
462 3701 554 3752 omisit.
647 3709 649 3714 ·
688 3695 771 3748 Verba
802 3694 951 3761 χαρίεντας
979 3689 1114 3754 ἐναύλους
1141 3693 1224 3760 Nup-

95 3809 98 3814 ·
184 3782 210 3835 7.
229 3781 286 3849 τοι]
312 3783 377 3836 teu.
397 3781 433 3835 ot.
464 3784 526 3836 Mox
544 3785 608 3838 Veu.
628 3789 654 3838 et
688 3777 765 3849 φέων
796 3780 880 3846 (editt.
907 3794 961 3831 exe.
987 3780 1113 3848 llumphr.
1141 3779 1224 3845 Nou·

116 3866 192 3919 Bodl-
228 3864 334 3938 ἑωυτῇ,
369 3868 440 3920 editt.
476 3865 572 3937 ἑαυτῇ.
613 3870 654 3923 Cf.
688 3864 785 3933 φάων)
802 3863 833 3918 αἳ
846 3865 977 3918 ναίουσιν
991 3866 1017 3918 ln
1031 3866 1094 3918 Ven.
1109 3871 1135 3917 et
1148 3864 1223 3917 Boot.

116 3951 258 4020 Goettltug.
279 3955 311 4007 au
327 3954 353 4006 lu.
369 3970 395 4007 ι.
414 3955 491 4023 (Hes.
511 3956 595 4008 curm.
613 3956 653 4010 et.
688 3951 823 4019 depravato
849 3956 908 4003 sunt
935 3953 988 4003 sie:
1019 3951 1170 4018 χαρίεσσαν
1195 3943 1225 4001 ἐν

114 4037 144 4105 2)
162 4053 188 4108 p.
207 4038 251 4095 2⁰.
515 4104 516 4111 ἵ
599 4040 602 4044 ’
688 4032 860 4097 αὖτοῖςνιῖν
877 4035 974 4104 φωναὶ
991 4034 1114 4090 νέουσιν.

185 4125 212 4177 8.
228 4121 366 4196 uutiasp]
386 4125 442 4179 Van
455 4124 566 4179 etBodl.
590 4124 653 4178 Edi·
757 4123 800 4181 10.
821 4116 862 4177 Ἥ
882 4123 942 4192 uui]
978 4122 1042 4176 Hes.
1067 4113 1085 4190 ἣ
1111 4118 1142 4174 δὲ
1165 4116 1223 4175 uui.

115 4212 206 4278 toros,
233 4214 342 4280 excepto
369 4211 489 4270 Bursao.
513 4208 653 4266 nutrieras
688 4209 814 4277 Humplur.
829 4203 894 4264 'llil
911 4210 968 4263 nat.
1313 4224 1316 4228 “
