2836 4852
417 263 488 326 *nh
509 262 753 327 aonohvooht
775 262 852 324 hro.
871 260 912 324 tl.
1184 260 1226 328 95

116 436 219 500 cicilio
237 433 400 517 possibilia
429 444 498 497 ecurt
527 435 615 517 epod
637 436 737 498 dmm.
781 435 980 513 Quapropter
1006 435 1041 494 et
1070 431 1226 513 propheta

116 549 198 609 dixit
218 547 351 625 primum
374 547 507 606 omnium
530 548 570 608 ab
589 562 628 607 eo
649 547 770 606 coelum
788 562 861 605 esee
883 546 1039 606 conditum
1054 547 1086 605 in
1104 548 1227 608 modum

116 656 256 734 fastigii:
279 654 315 715 Iu
334 657 508 734 principio,
531 657 639 732 inquit,
663 656 778 716 creauit
800 654 873 715 deoc
894 653 1019 723 coelom,
1043 657 1126 731 qnod
1144 645 1227 718 idem

117 769 170 829 eet
190 782 228 826 uc
250 782 310 842 per
328 765 513 842 principium
545 766 665 827 eoelum
693 782 766 826 esec
787 766 962 835 conditum,
992 767 1145 842 utsupra
1168 768 1227 827 ile·

112 876 380 936 ‘monstravimncss
420 874 521 934 Vocat
550 881 662 935 terram
693 876 724 934 id
756 876 839 950 quot
870 874 1098 949 quodammodo
1127 876 1228 937 solum

69 998 72 1003 '
117 987 152 1045 ct
172 985 405 1051 fundamentum
427 986 493 1059 eet,
522 984 660 1064 abyssum
688 987 790 1044 antem
819 985 1047 1045 multitudinem
1070 1002 1230 1064 aquarum,

119 1095 255 1154 tenebras
284 1110 362 1153 vero
393 1095 465 1169 quia
490 1093 610 1154 eoelum
633 1111 652 1152 a
673 1095 733 1153 deo
758 1095 913 1154 eonditum
944 1110 1043 1169 aquae
1072 1111 1132 1154 una
1160 1112 1229 1156 eum

116 1207 206 1264 terra
228 1204 328 1264 veluti
346 1203 529 1280 operculum
552 1203 687 1280 operuit,
710 1204 851 1282 spiritum
872 1208 976 1263 antem
1000 1204 1053 1284 qm·
1073 1204 1230 1283 serebatur

112 1328 209 1392 *caper
231 1332 326 1392 upana
355 1328 425 1373 eum
448 1329 538 1389 quem
561 1309 648 1372 dedit
676 1313 754 1373 deus
777 1316 942 1373 creaturae
973 1315 1013 1373 ad
1040 1313 1230 1373 vivificatio·

114 1437 199 1497 nem,
222 1421 310 1481 velut
332 1422 464 1481 animam
487 1423 613 1496 homini,
635 1424 812 1482 tenueeum
828 1423 913 1481 tenni
932 1423 1121 1498 coniungens
1145 1425 1230 1497 (natu

117 1531 251 1608 spiritns
280 1530 384 1590 tenuis
406 1532 439 1588 ct
458 1546 540 1605 aqna
563 1530 699 1607 tenuis),
730 1534 765 1590 ot
794 1529 924 1607 spiritus
954 1530 1080 1591 foveret
1108 1548 1230 1612 aquam,

116 1656 202 1715 aqna
226 1642 329 1699 antem
346 1655 421 1699 oum
442 1639 557 1715 spiritu
585 1639 686 1697 emnia
707 1656 874 1716 permeans
897 1640 1023 1700 leverat
1045 1643 1230 1702 creaturam.

119 1748 203 1808 Unus
226 1748 323 1826 igitur
344 1748 401 1808 ille
423 1747 565 1824 spiritus,
588 1747 668 1808 lucis
690 1751 921 1810 similitudinem
944 1751 1098 1826 obtinens,
1120 1766 1232 1826 aquam

120 1858 204 1919 inter
233 1858 409 1918 eteoclem
433 1857 552 1917 medius
573 1861 661 1934 erat,
692 1861 726 1918 nt
750 1861 977 1934 quodammodo
1004 1858 1171 1936 impediret
1192 1873 1233 1921 ne

121 1969 274 2029 tenebrae
297 1968 472 2044 proximum
500 1966 560 2026 een
583 1968 704 2027 coelum
726 1970 934 2047 attingerent,
964 1972 1129 2045 antequam
1154 1971 1232 2031 oenc

122 2078 272 2139 dixisset:
305 2075 379 2136 reat
399 2074 464 2136 lac.
494 2073 623 2135 eoelum
652 2073 748 2154 igitur
778 2078 880 2138 instar
909 2078 1039 2138 fornicis
1069 2079 1232 2143 materiam

119 2188 237 2266 glebae
261 2186 333 2260 [illo
352 2186 509 2261 tempore]
532 2185 664 2247 similem
688 2185 963 2264 complectebatur.
1006 2187 1129 2248 Etenim
1153 2185 1233 2250 aliur

121 2297 281 2376 propheta
298 2296 420 2356 numine
435 2294 555 2355 lesaias
571 2293 697 2356 locotus
712 2297 763 2356 est
779 2297 819 2357 oe
836 2297 938 2374 coelo,
960 2298 1083 2359 dicens:
1108 2297 1233 2360 Darnis

123 2583 445 2639 retractatorum
469 2583 660 2651 erpone.
698 2585 814 2649 „unchlt
853 2585 897 2637 (les
933 2584 1038 2637 Lichtes
1080 2584 1234 2651 georduet.“

124 2668 159 2720 Ut
176 2670 224 2720 hcc
241 2668 363 2735 πνεῦμα,
381 2668 449 2736 qnod
467 2670 550 2720 omnia
568 2684 661 2739 perra·
696 2669 847 2723 l'hienem.:
874 2669 938 2734 „das
958 2667 1062 2721 Vcrhild
1087 2668 1132 2721 (les
1155 2669 1234 2722 Lich-

124 2751 162 2806 ott
179 2753 214 2818 (c.
230 2751 275 2820 1),
299 2753 410 2818 πνεῦμα
429 2753 533 2820 σοφίας
556 2754 582 2805 in
601 2754 661 2820 Sep.
696 2754 767 2806 tes.“
799 2753 863 2807 Fell.
889 2753 965 2808 Wolt.
993 2755 1119 2823 Humphr.
1145 2751 1235 2821 torui-

124 2836 150 2902 7,
167 2837 203 2890 22
220 2841 325 2889 vocatur
342 2834 452 2890 λεπτόν.
486 2839 605 2894 Marenus
623 2843 663 2891 at·
697 2855 768 2904 racc,
788 2844 876 2891 centra
894 2838 980 2905 cedo,
998 2853 1046 2906 pre
1061 2857 1183 2894 -τενεν,

123 2922 184 2975 tulit
202 2921 411 2988 chrysostomum
430 2922 506 2975 Hom.
521 2923 537 2975 3
555 2924 580 2976 in
596 2923 662 2977 Gen.
767 2922 808 2976 14.
827 2927 891 2978 Γεν.
912 2924 987 2994 cais]
1009 2923 1103 2978 Genea.
1123 2927 1147 2992 1,
1165 2925 1190 2978 3.

123 3003 148 3061 'a'
169 3008 199 3059 1:
228 3007 263 3059 rt
282 3006 413 3076 βούλεται
431 3008 516 3062 τοῦτο
535 3006 569 3060 τὸ
583 3007 663 3083 alep·
767 3010 809 3063 15.
828 3004 878 3078 τήν
893 3003 974 3078 ὕλην]
996 3010 1058 3062 Ven.
1073 3015 1099 3063 et
1112 3010 1186 3062 Bell.
1201 3014 1237 3084 τῇ

124 3091 226 3159 μέσση
257 3093 389 3159 Πνεῦμα,
409 3094 488 3160 φησί,
510 3095 582 3148 θεοῦ
601 3090 662 3149 ἐνσε-
697 3087 759 3164 ῧλῃ.
778 3094 847 3147 ldem
863 3097 986 3165 praebent
1000 3094 1079 3149 Geso.
1092 3095 1155 3147 Duc.
1169 3096 1235 3150 llor.

126 3176 229 3245 φέρετο
248 3173 343 3230 ἐπάνω
362 3178 414 3230 τοῦ
434 3171 549 3239 ὕδατος.
583 3174 663 3247 Ἐμοὶ
698 3178 763 3232 ren.
792 3179 973 3247 Repoeucrunt
996 3193 1081 3232 veram
1101 3180 1236 3235 lectionem

126 3262 205 3315 δοκεῖ
230 3263 317 3314 ταῦτα
345 3261 490 3329 σημαίνειν
519 3255 564 3317 ὅτι
589 3259 663 3330 ἐνὲρ-
698 3265 774 3317 Wolf.
789 3266 853 3321 ller-
865 3267 991 3334 llnmphr.
1011 3265 1062 3318 Pro
1074 3263 1154 3336 βώλῳ
1164 3264 1237 3319 Wol-

125 3346 186 3417 patui
204 3366 247 3408 τις
259 3345 360 3416 {otene}
374 3349 483 3416 προσῆν
495 3352 555 3410 τοῖς
566 3341 663 3417 ὕδασι,
697 3350 746 3404 fios
762 3354 856 3404 monitu
871 3352 953 3405 Crozii
968 3352 1055 3404 mallet
1068 3348 1155 3423 θόλῳ.
1181 3350 1237 3406 Be·

126 3431 174 3488 act
193 3428 245 3486 otiu
262 3422 298 3501 ἦν
316 3428 412 3495 ἅπλῶς
430 3430 515 3495 ἑστώς
533 3433 581 3487 aul
602 3429 663 3488 ἆκί-
698 3441 737 3488 cte
757 3437 894 3488 Mercrius:
919 3437 1031 3504 ‚‚Qnid‚“
1050 3437 1142 3505 iuquit,
1161 3453 1237 3503 „mu-

126 3535 212 3586 νησον
231 3514 302 3571 otte
323 3515 491 3586 κινούμενον
514 3519 564 3574 καὶ
583 3521 665 3584 {oru-
699 3522 795 3574 tatione
823 3536 886 3588 opus
912 3527 951 3572 est
968 3523 994 3573 in
1012 3523 1114 3589 integro
1133 3525 1159 3574 et
1175 3537 1237 3590 pcr-

125 3599 179 3672 κήν
197 3600 403 3670 freneticorum
422 3600 492 3670 ἔχον.
699 3606 828 3658 commodo
856 3606 996 3657 contextui
1024 3608 1156 3659 Materiam
1181 3609 1237 3675 gle-

196 3687 238 3739 13.
257 3686 360 3756 τύπον]
380 3687 473 3754 Aptior
492 3690 541 3741 erit
558 3692 664 3742 sentcn-
699 3692 744 3742 hac
770 3690 788 3742 l.
808 3706 831 3742 e.
858 3690 936 3741 inerti
963 3692 1048 3741 terrac
1076 3692 1236 3744 assimilatam

127 3772 162 3825 tla
187 3773 209 3824 ei
227 3771 340 3838 legumus
364 3768 469 3837 τόσον,
494 3774 560 3826 lucie
579 3775 666 3826 terrun
700 3774 761 3826 licit
779 3773 944 3842 Theophilus,
965 3778 993 3826 ut
1011 3790 1065 3827 cam
1084 3775 1238 3830 inconditum

128 3872 271 3926 ocmtpnna.
305 3859 396 3925 Neque
420 3859 486 3910 enirn
504 3859 570 3910 hunc
589 3857 667 3926 spiri·
701 3861 779 3912 tuisse
813 3858 982 3912 demonstret:
1028 3859 1126 3913 Eodem
1159 3873 1238 3913 senso

127 3946 181 3995 turn
200 3941 249 3995 luci
267 3942 375 3994 similem
393 3941 473 3994 luisse
492 3941 535 4006 att,
553 3941 599 3994 ead
611 3957 666 3994 me·
701 3944 878 4010 Athenagoras
892 3945 1030 4013 materiam,
1047 3950 1180 4012 antequam
1193 3957 1238 3996 er-

126 4027 195 4079 clium
213 4028 283 4081 inter
302 4027 399 4081 eoelum
419 4032 445 4079 ct
463 4042 541 4096 eques
559 4029 665 4096 spatium
700 4033 787 4081 natum
806 4029 949 4099 acciperet,
973 4031 1056 4081 instar
1072 4032 1178 4080 naturae
1196 4026 1237 4078 tn.-¹

127 4102 274 4182 occupante,
292 4114 336 4182 qui
355 4114 427 4168 lucus
447 4117 503 4165 erat
518 4112 569 4164 luci
586 4111 666 4166 destl·
700 4113 789 4165 termis
806 4112 833 4165 et
851 4118 937 4167 terrae
954 4114 1052 4167 inutilis
1071 4113 1179 4166 iacuisse
1197 4110 1237 4165 all*

126 4200 215 4251 aetna
231 4198 376 4255 Manae.
404 4199 507 4253 Haem—
521 4196 666 4252 tirnetulttr
700 4198 735 4253 eit
753 4198 843 4268 suppl.
863 4215 885 4253 c.
900 4199 961 4253 lt).“
1236 4207 1239 4213 '
