2836 4852
436 266 495 330 no
517 269 761 337 nunonroon
782 271 860 334 nrm
874 271 919 335 :n
1151 254 1153 263 ‘
1190 269 1232 337 oo

125 437 226 519 latur,
259 455 349 514 quam
378 443 480 500 autern
499 443 551 501 -ob
573 459 699 503 oausam
727 444 772 502 ita
803 446 916 504 voo'ent
945 443 1099 518 ignorant.
1144 445 1234 514 Quod

124 551 227 608 autem
250 549 357 626 planet
377 547 516 610 Hesiodo
546 553 662 626 poetae
689 568 728 611 ex
753 551 853 612 Chao*
868 554 973 613 natum
1002 569 1074 613 esse
1096 551 1234 616 Erebum

125 660 158 717 et
180 658 315 725 Terram
341 660 374 719 et
403 659 606 736 imperantem
638 661 774 737 opinatis
804 663 872 723 eius
904 662 965 721 diis
994 666 1028 721 et
1060 660 1233 727 hominibus

124 765 281 844 Amorem,
303 766 403 828 futilis
426 770 495 828 eius
517 772 550 828 et
572 769 689 846 frigida
713 770 816 830 oratio
840 773 889 829 est
914 774 947 829 et
968 771 1071 830 aliena
1091 771 1131 832 ab
1151 774 1234 834 omni

124 877 277 952 varitate3
302 894 372 937 nam
395 879 485 938 deum
506 879 671 956 voluptate
691 879 855 939 vinoinon
878 879 980 955 deoet,
1002 879 1119 958 quippe
1140 898 1232 958 quon

124 987 157 1044 et
176 985 318 1045 homines
338 988 553 1065 temperantes
576 989 616 1049 ab
632 989 714 1048 omni
730 988 895 1048 inhonesta
912 989 1077 1065 voluptate
1097 1007 1135 1052 ao
1151 992 1233 1054 mala

123 1095 297 1170 eupiditate
318 1097 505 1157 abstineant.

212 1207 262 1264 13.
294 1206 383 1275 Quod
414 1210 516 1267 autem
550 1207 734 1281 [Hesiodus]
769 1223 789 1266 a
818 1207 954 1267 terrenis
985 1207 1080 1267 rebus
1112 1206 1232 1268 initium

123 1313 210 1373 duait
231 1316 407 1375 narrandae
429 1317 609 1392 creationis,
631 1313 761 1377 humana
782 1319 815 1376 et
835 1314 958 1376 humilis
981 1320 1014 1375 et
1032 1333 1164 1393 prorsus
1186 1318 1232 1377 ie-

123 1423 197 1483 iuna
226 1425 294 1483 eius
322 1425 473 1500 cogitatio
503 1428 568 1500 est,
598 1429 745 1500 quantum
774 1426 815 1485 ad
846 1427 936 1486 deum
967 1427 1090 1486 attinet.
1134 1425 1232 1489 Homo

122 1533 224 1608 enim,
254 1548 345 1607 quum
367 1533 398 1590 in
421 1533 533 1592 intimis
557 1534 721 1608 versetur,
749 1535 790 1593 ab
813 1535 884 1611 ipso
913 1535 985 1594 solo
1013 1535 1133 1595 initium
1156 1534 1234 1596 fauit

122 1641 325 1719 aedificandi,
352 1657 452 1716 neque
474 1642 644 1702 seeundum
666 1642 806 1702 ordinem
828 1645 936 1721 potest
957 1644 1050 1703 etiam
1073 1643 1233 1722 fastigium

123 1748 231 1809 faeere
252 1751 313 1810 uisi
337 1750 568 1811 fundamentum
590 1751 742 1828 posuerit.
777 1751 836 1811 Dei
858 1754 963 1813 autem
983 1754 1124 1829 potentia
1143 1754 1173 1813 in
1192 1770 1232 1817 eo

122 1860 284 1936 spectatur
308 1863 342 1920 ut
362 1859 494 1936 primum
516 1860 639 1934 quidam
668 1876 721 1919 res
748 1876 790 1920 ex
811 1859 909 1921 nihilo
929 1864 1034 1939 areat,
1064 1865 1233 1940 praeterea

123 1969 163 2028 ad
186 1968 349 2028 arbitrium
372 1985 460 2028 suum
482 1970 611 2042 [ereet].
640 1967 731 2028 Nam
754 1989 831 2049 pona
853 1969 941 2050 apud
962 1969 1097 2032 hominos
1117 1973 1232 2052 impor-

123 2159 172 2230 ipsi
185 2173 198 2210 a
213 2158 311 2210 iudaice
329 2173 399 2212 more
418 2176 491 2228 quem
512 2159 657 2231 ignorant„“
694 2159 732 2215 nis
746 2159 802 2212 fieri
820 2160 896 2227 solat,
914 2161 1004 2228 „prius
1023 2159 1121 2214 eulmen
1140 2159 1232 2214 deinde

121 2243 191 2295 Luce
211 2241 302 2295 otarius
319 2244 423 2297 dinnano
442 2245 483 2296 hic
501 2242 600 2298 videtur
619 2244 658 2295 ie·
693 2244 900 2298 ῐιιοάοιοοοὶοπιιι
919 2243 1007 2313 perfici
1019 2245 1143 2309 observat,
1161 2240 1232 2312 πρό-

123 2326 231 2393 gendum
251 2341 308 2378 esee
328 2327 379 2392 „ad
395 2326 518 2380 iudaieorn
535 2329 659 2381 morem.“
694 2346 775 2396 repon
801 2327 851 2382 τὸν
878 2323 989 2397 ’ὄροφον
1015 2329 1064 2382 nni
1093 2326 1156 2382 τότε
1181 2326 1232 2383 τὼ

192 2413 234 2466 16.
265 2409 294 2465 ἐκ
319 2410 416 2475 Χάους
441 2413 502 2482 eie]
536 2414 573 2466 Ci.
600 2411 659 2467 od
695 2412 834 2480 θεμέλιον.
852 2414 1045 2466 videruouun
1058 2413 1232 2469 sinuatio.

122 2499 161 2564 (n.
179 2497 219 2565 2).
235 2527 269 2536 —
296 2491 417 2569 Ἔρεβος
442 2500 505 2552 Van.
531 2499 606 2552 Bodl.
634 2502 660 2551 et
696 2500 740 2552 Sie
767 2501 841 2552 eiiam
872 2498 982 2550 Basilius
1012 2499 1055 2562 (In
1082 2499 1231 2564 Heronem),

124 2584 203 2637 Gesn.
222 2585 347 2639 oderunt:
374 2587 467 2639 caeteri
486 2584 558 2638 editt.
577 2577 658 2650 Ἔρε-
696 2583 837 2648 Gregorius
855 2582 917 2635 Nar.
940 2581 1024 2648 (Orat.
1044 2581 1103 2651 43)ι
1119 2583 1231 2634 Ambro-

122 2669 184 2739 βον.
694 2670 748 2720 sius
767 2668 811 2734 (in
829 2657 979 2732 Hastam).
1222 2688 1225 2693 -

193 2754 234 2808 16.
254 2751 355 2824 αὐτόν]
376 2755 439 2808 Van.
459 2750 562 2818 αὐτῶν,
581 2752 658 2806 sedo
763 2753 787 2804 3.
818 2749 847 2806 tn
872 2747 975 2822 τούτῳ]
1014 2749 1075 2802 Van.
1106 2750 1175 2803 Editi
1199 2748 1231 2806 ἐκ

121 2843 269 2893 correctore
287 2840 447 2893 emendatum
465 2839 491 2891 in
510 2835 588 2892 -όν,
694 2835 806 2892 τούτου.
843 2836 939 2890 Sedet
963 2837 989 2889 in
1007 2835 1115 2903 gemello
1131 2836 1188 2890 loco
1207 2853 1230 2891 e.

191 2927 216 2976 1.
250 2920 355 2992 adsoni]
394 2926 491 2993 Nempe
523 2921 658 2978 Ἡσιόδου
692 2923 725 2977 4:
746 2920 885 2994 ἐντούτῳ
904 2910 1088 2989 φανεροῦται.

121 3009 238 3077 (o.12).'
315 3049 318 3052 »
761 3007 787 3061 4.
807 3006 854 3060 καὶ
873 3003 922 3076 οἷς]
941 3006 1023 3073 vongo
1041 3003 1147 3066 noddo.
1173 3007 1230 3061 Mn·

191 3091 407 3163 Ἇπράρτᾶξιο]
426 3094 530 3149 Hosm.:
551 3096 657 3153 ordent÷
692 3109 768 3146 renus
797 3093 904 3146 coniecit
933 3091 1067 3159 legendum
1093 3090 1142 3144 nai
1169 3085 1231 3144 siro

121 3181 206 3232 liciter
229 3179 324 3238 Weiss.
353 3181 381 3233 c.
397 3179 446 3232 25:
465 3183 566 3246 „aenio
586 3175 657 3246 πρὸς
694 3174 747 3245 ὥς,
765 3178 804 3230 vel
823 3177 917 3245 aliquid
933 3177 1016 3230 simile
1036 3175 1104 3245 quod
1121 3191 1230 3246 respon-

120 3263 202 3328 eoin
219 3267 368 3319 meruere.“
396 3265 458 3318 Sine
476 3266 577 3317 ratione
596 3279 656 3318 oen-
693 3265 750 3317 dent
761 3261 921 3331 praecedenti
932 3261 1054 3328 nasicae.
1074 3261 1149 3326 „Dno
1163 3261 1230 3314 enim

120 3355 162 3403 sei
180 3351 302 3404 Mutunus
321 3350 362 3403 vel
381 3350 516 3416 legendum
536 3349 654 3415 apriora-
692 3349 733 3401 dei
754 3349 859 3419 propria
882 3362 939 3401 esse
966 3345 1039 3399 docet
1063 3345 1229 3415 Theophilus,

121 3437 178 3503 ξιν,
206 3437 342 3488 hae-noea
366 3436 514 3501 intelligens
539 3436 564 3488 id
589 3435 657 3506 quod
692 3435 801 3505 primurn
826 3438 855 3486 ut
878 3436 950 3488 erest
969 3448 1001 3485 ex
1018 3430 1117 3496 nihilo„
1138 3429 1250 3482 deinde.

120 3520 228 3572 maxime
247 3521 355 3586 eminet,
373 3520 414 3573 rei
431 3520 589 3573 scribendum
608 3520 657 3575 uni
693 3524 721 3571 ut
745 3519 776 3570 ad
804 3518 937 3573 arbitrium
966 3521 1037 3570 creet
1066 3520 1092 3569 et
1118 3515 1149 3569 ab
1173 3516 1230 3582 ipso

119 3600 192 3669 πρδς
206 3596 287 3668 veiim
300 3603 347 3659 uoci
362 3599 396 3658 ori
412 3602 542 3659 δύναται.
572 3606 657 3660 Parti·
692 3604 788 3656 vertice
807 3603 829 3657 ei
850 3602 912 3655 velit
930 3601 1060 3669 incipiat.“
1095 3601 1230 3667 Humphry

118 3688 175 3741 onia
185 3687 233 3742 nni
246 3693 304 3742 ante
316 3708 340 3742 τ.
352 3684 463 3758 ὀροφήν
475 3705 525 3742 non
538 3689 657 3758 estquod
692 3689 876 3741 coniecturam*
889 3686 989 3739 Maroni
1016 3686 1042 3738 in
1069 3686 1127 3757 ipso
1157 3689 1230 3740 textu

119 3771 246 3839 offendam
268 3775 322 3841 pari
340 3773 414 3826 modo
432 3789 446 3826 a
464 3774 589 3842 scriptore
609 3788 656 3825 no·
693 3772 785 3841 posuit.
820 3770 945 3839 Equidem
970 3785 1018 3839 pro
1043 3771 1110 3838 vulg.
1130 3768 1230 3832 andria

118 3861 173 3909 etro
187 3859 333 3911 sexcenties
347 3862 493 3926 usurpatur.
522 3857 655 3910 Caeterum
692 3870 725 3908 ex
742 3855 869 3909 lenissima
887 3857 1025 3910 mutatione
1042 3857 1164 3926 rmoripsi
1180 3854 1229 3910 net

118 3939 207 3995 eadem
225 3943 362 4008 sententia,
380 3946 410 3995 ut
423 3941 466 3995 iile
481 3940 565 3994 editor
577 3942 655 4009 probe
692 3935 738 4002 ὥς.
764 3940 803 3993 Gi.
823 3956 845 3996 e.
854 3938 885 3995 ,4.
904 3956 929 3994 n.
945 3940 987 3994 15.
1019 3942 1110 3995 lustin.
1128 3941 1166 3992 De
1184 3953 1228 3995 re·

118 4022 264 4092 adnotavit,
288 4025 353 4094 apud
371 4026 434 4080 aiios
451 4040 552 4094 qnoque
568 4029 656 4094 patres
690 4040 758 4078 surr.
784 4024 840 4077 ni
866 4024 958 4096 (corp.
984 4025 1070 4095 Apoll.
1095 4024 1150 4077 Vei.
1174 4023 1228 4091 111)

118 4111 238 4164 teeurrit
274 4111 318 4165 Sia
343 4110 541 4177 opponeremus
566 4109 593 4162 in
616 4108 655 4164 di·
690 4125 715 4179 p.
732 4107 785 4163 23⁰
808 4109 849 4164 Et
875 4111 989 4178 antinoo
1013 4106 1064 4179 μὲν
1170 4104 1226 4163 uni.

117 4194 290 4264 manopera,
316 4200 499 4266 contraquam
521 4194 655 4253 inhnma-
690 4193 757 4252 coil.
774 4194 792 4248 2
810 4195 870 4251 cor.
887 4194 914 4264 8,
932 4195 957 4250 5.
1154 4218 1157 4223 ·
