2836 4852
421 271 478 336 sl)
499 265 844 337 henoticum-hle.
861 268 901 338 lle
913 285 926 293 ’“
1195 271 1236 339 el

128 443 265 506 iumenta
287 442 349 517 sibi
371 445 547 521 sumerent,
577 445 618 506 ad
640 444 745 506 mundi
767 444 957 506 creationem
979 445 1012 504 et
1033 443 1075 506 ad
1095 446 1239 510 usturam

127 551 262 613 hominis
294 554 530 631 explicandam,
565 557 669 615 tamen
700 570 740 614 ne
770 555 895 614 tenuem
934 553 1056 628 quidem
1090 556 1237 619 veritatis

128 663 297 723 scintillam
319 665 494 725 ediderunt.
538 665 693 724 Videntur
713 665 817 724 autem
839 678 920 739 quae
943 679 961 721 a
982 662 1183 743 philosophis
1205 668 1239 728 et

126 769 289 833 historicis
315 775 348 832 et
370 775 476 851 poetis
499 774 581 833 dicta
604 776 677 833 sunt
698 773 759 833 lide
782 773 882 850 digua
900 787 990 849 esse,
1020 774 1092 848 quia
1114 789 1238 836 sermo·

126 881 176 943 nis
199 882 370 958 splendore
394 884 611 958 illustrantur3
641 884 739 943 stulta
766 885 869 942 tamen
893 885 926 941 et
950 898 1030 940 vana
1054 885 1157 943 oratio
1179 899 1238 946 ee-

127 1002 196 1055 rum
215 992 289 1052 inde
310 992 509 1069 declaratur,
532 993 615 1068 quod
637 992 798 1053 luxurient
819 992 903 1068 apud
926 1007 983 1050 eos
1004 1008 1124 1070 nugae,
1149 994 1238 1055 veri·

127 1102 203 1160 tatis
223 1104 381 1163 automno
398 1103 520 1162 minima
542 1103 666 1178 quidem
685 1101 842 1179 particula
863 1100 947 1160 inter
971 1117 1028 1161 eos
1050 1098 1238 1165 inveniatur.

77 1288 78 1292 Ἰ
126 1207 249 1270 Etenim
281 1212 406 1287 siquid
429 1213 498 1271 veri
523 1229 583 1290 per
604 1228 674 1271 eos.
689 1213 904 1288 praedicatum
925 1212 1067 1287 videtur,
1095 1211 1237 1288 permix-

126 1321 191 1380 tum
216 1323 267 1380 est
288 1337 409 1382 errore.
455 1322 717 1391 Quemadmodum
739 1322 940 1399 pharmacum
970 1321 1099 1395 aliquod
1125 1322 1237 1382 morti·

126 1427 245 1507 lerum,
275 1431 303 1490 ei
324 1431 418 1491 melle
448 1433 502 1492 aut
531 1432 605 1490 vino
626 1433 681 1490 aut
708 1430 769 1490 alia
791 1447 827 1491 ro
848 1427 1022 1490 huiusmodi
1044 1431 1239 1507 permiscea-

123 1540 196 1616 tur,
225 1541 325 1598 totum
351 1539 461 1598 inutile
491 1543 524 1598 et
552 1539 740 1617 pestiferum
762 1538 877 1598 elficit:
907 1538 952 1597 ita
983 1553 1092 1599 eorum
1114 1538 1239 1600 dicandi

125 1648 218 1724 copia
238 1647 490 1728 deprehenditur
515 1648 593 1707 nihil
616 1648 702 1707 aliud
725 1663 797 1708 esse
820 1663 911 1722 quam
934 1647 1113 1706 lahoriosae
1136 1662 1239 1726 nugae

126 1759 290 1834 magisque
314 1759 471 1835 pernicies
495 1773 567 1817 esse
595 1772 701 1817 eorum
733 1757 785 1833 qui
813 1757 843 1815 ei
869 1757 1109 1818 assentiuntur.
1136 1757 1239 1818 Prae·

125 1869 215 1927 terea
238 1868 333 1926 etiam
357 1868 396 1927 de
413 1868 465 1926 die
481 1866 615 1942 septimo
639 1867 751 1939 [locuti
768 1867 867 1942 sunt],
891 1865 979 1925 cuius
1002 1882 1113 1926 noman
1130 1883 1238 1933 omnm

126 1976 268 2036 homines
291 1978 460 2053 usurpant,
490 1976 546 2034 sed
570 1975 715 2052 plerique
737 1991 827 2050 quam
851 1975 913 2032 vim
936 1973 1053 2033 haheat
1073 1975 1255 2054 ignorantp

124 2101 194 2146 nam
224 2088 306 2162 quod
338 2087 422 2163 apud
442 2083 606 2145 Hebraeos
633 2085 797 2144 sabbatum
820 2084 935 2143 dicitur
956 2100 1073 2161 graece
1094 2086 1239 2147 redditur

125 2191 313 2275 hebdomaS,
343 2211 424 2272 quae
452 2195 575 2271 quidem
608 2195 692 2273 apud
713 2209 801 2254 omne
822 2193 978 2254 homiuum
1000 2211 1099 2272 genus
1122 2192 1237 2275 appel·

125 2412 273 2468 deseramus
297 2415 372 2480 (Luc.
392 2415 439 2482 18,
459 2413 515 2480 12).
546 2415 663 2482 Wotpua.
699 2415 872 2479 septenarium
888 2431 1021 2469 numerum
1036 2416 1158 2482 (absurda
1174 2419 1238 2471 iuis·

125 2499 178 2553 Sed
198 2500 226 2551 V.
241 2501 272 2552 li.
293 2517 347 2554 rem
363 2515 416 2553 uon
430 2499 565 2553 intellexit.
594 2500 664 2551 ldem
699 2501 740 2550 aet
755 2512 785 2549 ao
798 2498 939 2564 Theophila
956 2501 1097 2566 condigna
1115 2501 1239 2555 eiusmodi

125 2584 182 2637 eliis
208 2585 299 2638 accidit
322 2587 385 2638 viris
408 2584 531 2649 eruditis,
558 2588 586 2637 ut
605 2584 664 2636 tile-
699 2583 879 2650 reprehensio)
895 2584 1238 2639 auteaeuatnmlndaooruru

124 2669 198 2722 rico:
216 2670 315 2722 Hister.
330 2669 392 2723 eccl.
407 2669 478 2722 duur.
495 2671 569 2736 prim.
582 2682 665 2720 saeco.
699 2666 820 2734 septimae
845 2666 911 2732 apud
930 2667 1044 2720 Graecos
1063 2668 1111 2719 luci
1129 2681 1238 2736 respou-

125 2770 154 2824 p.
179 2753 240 2807 720.
290 2754 356 2820 Quid
390 2754 486 2821 igituri
523 2753 580 2807 Hoc
610 2752 664 2804 loco
699 2749 776 2816 dere;
801 2750 825 2802 id
845 2751 912 2802 euim
940 2752 1020 2804 oculis
1043 2753 1097 2805 suis
1121 2752 1239 2807 videurnt

123 2835 266 2908 lpdopoic,
294 2843 323 2903 ut
340 2841 461 2892 ldureuus
488 2841 546 2892 unte
566 2853 605 2890 me
625 2837 662 2888 ui·
699 2833 802 2900 Graeci,
819 2836 1237 2908 usqueinluocerrarepotoraut.

125 2922 171 2991 dit,
191 2923 326 2991 significat*
336 2926 406 2976 diem
419 2927 570 2991 septimum,
588 2936 662 2989 quem
699 2919 751 2972 Sed
762 2922 788 2972 in
800 2921 848 2973 hoe
865 2935 908 2973 eos
920 2923 1003 2989 carpit
1016 2921 1090 2990 quod,
1109 2939 1165 2988 cum
1178 2925 1239 2978 seh-

124 3008 284 3077 Theophilus
311 3009 394 3076 paullo
421 3012 478 3060 ante
506 3008 606 3062 dixerat
633 3008 663 3060 ab
699 3006 782 3057 hatum
803 3005 953 3058 ludaeorum
974 3006 1128 3073 irriderent,
1153 3011 1239 3064 nesei-

125 3094 243 3146 omnihus
272 3094 415 3146 hominihus
448 3093 578 3162 appellari.
624 3093 663 3146 lta
698 3094 757 3142 rent
772 3094 855 3143 tamen
870 3091 998 3145 subtatum
1017 3092 1081 3144 nihil
1097 3092 1163 3145 aliud
1180 3108 1238 3147 esse

124 3193 174 3232 rex
192 3179 223 3233 de
243 3180 364 3247 cuiusque
382 3179 540 3232 hebdomatia
558 3177 599 3230 die
619 3193 663 3231 ee-
697 3190 772 3243 quam
788 3176 920 3244 septimam
934 3176 1025 3243 lucem,
1042 3182 1068 3230 et
1081 3178 1238 3246 ideosiepu-

127 3266 208 3331 ptimo
223 3264 385 3329 ludaeorum,
403 3264 498 3316 sabbati
509 3265 611 3317 nomine
623 3264 663 3315 in·
698 3259 776 3313 larem
794 3261 889 3314 habere
908 3261 973 3329 apud
989 3261 1098 3315 ludaeos
1116 3264 1237 3319 obserua-

125 3349 203 3415 etgni
222 3349 317 3415 legitur
335 3348 444 3400 tilliaco.
458 3347 484 3414 6,
502 3349 542 3401 11.
561 3347 603 3412 12,
621 3347 664 3400 38.
697 3346 802 3409 tionem,
820 3347 877 3414 quie
895 3348 1130 3414 acclinaturos,
1149 3351 1239 3419 inqua

125 3433 168 3500 15,
186 3432 213 3497 4,
232 3433 290 3486 coll.
311 3434 412 3499 loseph.
435 3433 472 3484 lie
489 3431 663 3486 eetl.iud.11.
698 3431 817 3483 nimirum
831 3432 893 3483 deus
907 3433 937 3485 at
950 3433 1070 3501 operibus
1084 3436 1239 3502 requievit.“

125 3517 152 3586 8,
173 3519 198 3571 9.
231 3518 333 3571 Pariter
352 3517 417 3586 apud
434 3517 575 3571 Hesiodum
593 3533 664 3571 com·
767 3516 811 3570 14.
830 3517 940 3577 stoacio
953 3516 1034 3586 γένος
1046 3514 1143 3588 oiviip]
1165 3520 1238 3573 Nou-

124 3609 200 3674 peret
225 3599 339 3670 τετράς,
363 3599 420 3657 dies
444 3607 556 3672 qroortos
583 3602 662 3670 (Opp.
699 3601 766 3654 nulla
785 3605 899 3656 ueritatis
918 3605 1026 3670 vestigia
1045 3605 1110 3671 apud
1129 3606 1239 3671 gentiles

126 3687 185 3742 786.
204 3689 255 3742 880
270 3689 327 3755 nl),
346 3684 424 3749 clude
441 3688 529 3754 (818),
546 3680 665 3753 rotunde
700 3693 800 3741 servata
818 3692 871 3739 tum
889 3689 915 3741 iu
933 3696 1031 3756 septeni
1050 3690 1149 3743 dierum
1168 3693 1238 3746 voci·

128 3771 218 3842 (768),
235 3777 263 3826 ut
282 3772 390 3826 Grimm.
409 3773 439 3825 ed
455 3772 472 3824 2
489 3774 569 3825 lileoc.
589 3771 614 3837 e,
631 3772 665 3825 11
699 3773 746 3824 hus
765 3772 928 3825 numerandis
952 3767 1056 3826 tum'irr
1075 3776 1158 3843 alique
1176 3777 1237 3829 eah-

130 3856 582 3927 (Exeinondh.arodercrlpoierd.
592 3857 622 3910 Α.
636 3858 664 3913 Τ.
700 3857 751 3908 heti
766 3848 1036 3922 relipioneretinende
1050 3864 1178 3912 testentur
1192 3876 1239 3915 en-

133 3943 205 3998 Tom.
218 3943 262 4010 lv,
280 3941 440 4011 riputati,
458 3957 483 4010 p.
495 3941 557 4008 112)
576 3943 665 3994 obser·
700 3941 764 4009 tiqui
778 3942 925 4010 scriptores.
944 3944 1086 3998 Marcone.
1110 3946 1163 3998 cir.
1177 3945 1239 3999 hri-

125 4028 203 4082 verii.
228 4029 309 4081 Recte
325 4028 442 4080 liuram:
463 4027 538 4093 „Non
553 4026 666 4080 Graecos
701 4026 816 4079 stohulue
843 4042 884 4097 ap.
904 4028 1029 4082 clement.
1048 4026 1123 4080 hies.
1143 4029 1238 4081 strom.

129 4113 244 4178 exagitat
267 4111 424 4178 Theophilus
447 4112 515 4179 quod
537 4111 667 4165 nescirent
703 4111 732 4164 V.
751 4125 773 4163 t.
791 4111 833 4164 14.
852 4112 948 4180 §.108
972 4111 1039 4181 (τήν
1055 4109 1181 4182 ἑβδόμην
1199 4113 1238 4170 la-

123 4198 262 4252 sathetum
275 4195 343 4266 apud
356 4197 489 4252 Hebraeos
505 4211 667 4266 praenoscere
704 4193 757 4265 ode
783 4193 820 4254 ου’
845 4193 935 4266 μόνον
959 4197 987 4254 oi
1011 4193 1141 4266 Ἑβραῖοι
1167 4195 1238 4257 eto
