2836 4852
426 249 484 309 au
507 246 752 310 aurnurcuu
774 217 858 310 me?
873 247 912 310 n.
1165 247 1227 313 177

161 418 221 488 Qut
243 417 321 476 enim
341 420 480 496 patrarit
503 405 547 479 ert
569 418 702 481 debitum
726 421 755 480 ei
776 422 867 480 etiem
887 420 968 499 peti.

114 524 187 601 lpse
210 526 304 584 etiam
327 525 482 586 Pindarus
506 527 600 586 dixit:

389 663 392 671 Δ
472 661 474 665 ·
558 686 561 690 a
650 635 790 717 Namque
830 687 832 691 .

155 741 327 801 Facientem
350 740 472 822 aliquid
493 763 617 824 aequum
640 755 685 804 eet
707 746 798 805 etiem
817 745 900 822 peti.

112 849 263 908 Similiter
285 853 317 908 et
338 849 523 928 Euripides:

156 957 269 1018 Patere
291 958 376 1018 dead
398 962 534 1040 iniquum
555 963 776 1040 feceratenim
800 961 910 1022 ludens.

154 1066 222 1126 Lete
244 1075 288 1127 ert
308 1075 342 1127 ut
365 1068 478 1128 laertem
500 1078 630 1139 tracter,
654 1071 704 1130 ubi
725 1073 858 1147 ceperis,
882 1066 968 1130 male.

109 1171 150 1232 ut
171 1193 281 1237 rursus
306 1177 402 1236 idem:

152 1283 263 1344 Hostes
286 1285 364 1345 male
387 1294 523 1348 tractare
544 1289 678 1349 arbitror
700 1288 760 1348 riri
782 1287 930 1366 officiant.

109 1390 259 1452 Similiter
282 1395 314 1452 et
335 1392 562 1456 Archilochum

446 1503 542 1564 Unum
565 1511 663 1564 eutem
686 1523 719 1561 rr
721 1522 752 1561 νο
776 1503 820 1578 [et
839 1501 887 1578 id]
910 1521 1068 1582 meyerum,

151 1606 232 1666 Meti
255 1608 331 1688 quid
350 1617 528 1692 patrantem
550 1611 641 1670 etiem
662 1609 805 1688 praeitur
824 1608 923 1687 plecti
941 1610 1038 1671 malie.

106 1713 148 1773 Et
178 1715 260 1789 quod
292 1717 369 1777 deus
402 1719 502 1777 omnia
531 1719 620 1777 videt
649 1735 706 1776 nee
736 1734 804 1777 eum
833 1719 1001 1795 quidquam
1032 1719 1127 1796 latet,
1158 1721 1215 1780 sed

106 1840 197 1897 quum
227 1826 349 1900 patiens
378 1828 421 1886 sit
449 1829 615 1903 exspectat
643 1827 713 1886 dum
744 1827 877 1904 iudicet,
909 1844 947 1887 ea
971 1844 1094 1903 quoque
1118 1829 1156 1888 de
1179 1846 1215 1889 re

107 1929 277 2008 Dionysius
299 1934 396 2018 dixit:

107 2182 212 2250 νόμον,
242 2185 309 2252 quod
337 2193 447 2254 uterque
474 2188 529 2241 ead.
559 2195 640 2241 metus
675 2190 744 2242 iuxta
757 2190 865 2254 vestigia
883 2188 956 2241 redd.
974 2192 1097 2247 metarum
1114 2188 1214 2256 (-eu)

105 2268 265 2336 suppeditat,
291 2270 371 2323 Gesn.
398 2272 461 2323 Itur.
487 2273 551 2325 Mer.
571 2273 638 2327 Feli.
674 2274 808 2338 tegendum
828 2277 877 2338 est,
895 2278 924 2324 ut
937 2268 1035 2326 Nauck.
1052 2287 1152 2340 quoque
1168 2273 1214 2325 uh-

104 2349 195 2428 νόμον
211 2353 314 2420 tegunt,
334 2356 409 2407 Wolf.
428 2357 492 2408 Mer.
512 2358 638 2424 Humphr.
675 2373 792 2410 servasse
811 2358 893 2410 video.

104 2435 199 2503 νόμος.
233 2438 263 2489 ld
282 2453 383 2504 queque
403 2441 492 2492 ttatttr.
509 2446 535 2492 et
549 2443 643 2506 Wegm
744 2441 768 2495 θ.
781 2436 894 2494 Ἓν...
912 2439 1023 2508 κοινοῖς]
1045 2442 1073 2493 tn
1094 2443 1141 2493 hoc
1160 2443 1214 2495 Ar·

105 2537 241 2591 recepere,
270 2523 316 2575 sed
334 2524 430 2576 Nauck.
449 2520 540 2591 νόμον
561 2527 639 2577 resti·
675 2527 783 2579 ehilectri
802 2527 870 2579 Parii
889 2527 1031 2592 fragmento
1050 2521 1080 2577 δὲ
1095 2526 1214 2590 vulgatur

105 2608 159 2658 tuit.
197 2607 333 2662 Caeterum
352 2610 438 2661 Fetlue
463 2611 525 2662 illud
550 2609 639 2677 νόμον
675 2607 765 2677 οοο,δ’
775 2629 783 2674 ;
808 2615 860 2663 tum
879 2628 907 2662 τι
925 2609 998 2661 deest
1017 2623 1068 2659 non
1086 2608 1168 2659 satum
1186 2608 1214 2660 in

105 2692 191 2758 inepte
216 2691 246 2744 ad
265 2692 458 2758 praecedentem
477 2710 578 2747 versum
597 2712 639 2747 re·
674 2697 737 2748 Ven.
750 2696 790 2761 (et
803 2693 908 2759 Redit)
926 2693 970 2744 sed
986 2693 1060 2743 etiam
1074 2706 1114 2757 rp.
1132 2691 1214 2744 Gesn.

103 2776 171 2841 tulit,
189 2781 217 2827 ut
227 2777 326 2830 initium
341 2780 472 2844 sequentis
486 2780 576 2833 habeat
588 2783 638 2833 sie:
674 2781 737 2832 Due.
758 2781 842 2845 ilem
862 2778 967 2838 δεινοῖς
986 2777 1067 2847 (ῖοο.
1079 2781 1106 2828 et
1122 2775 1214 2842 Bedl.)

107 2855 165 2914 Τὸν
180 2858 284 2927 ἐχθρὰν
303 2857 397 2932 [ἦγον]
413 2864 485 2928 δρᾶν
499 2869 557 2917 κτλ.
589 2867 639 2917 Va*
674 2870 803 2917 mutarunt
829 2865 892 2916 ttue.
920 2867 947 2915 et
969 2852 1037 2915 dtur.
1060 2862 1086 2912 in
1105 2861 1213 2923 δεινοῖς.

103 2943 170 2996 lebet
190 2960 237 3012 pro
256 2941 339 3013 ἤγοο,
368 2949 434 3015 quod
460 2949 489 3000 ad
509 2951 639 3020 compten-
675 2950 769 3002 Omnes
795 2953 878 3000 autem
904 2948 980 2999 venta
999 2943 1050 3000 τον
1070 2947 1163 3026 κοινοῖς
1183 2946 1214 2999 ud

103 3028 161 3090 dum
181 3045 283 3083 versum
309 3032 340 3084 de
358 3047 404 3084 sue
422 3034 545 3099 inseruit,
574 3036 639 3100 seri·
674 3032 864 3086 antecedentem
877 3047 978 3085 nereum
990 3031 1114 3084 reierunt.
1133 3030 1214 3082 Thir-

102 3113 164 3166 bere
189 3109 274 3182 ἡγοῦ,
302 3118 434 3170 existima.
471 3118 529 3170 Non
553 3116 639 3187 λάβῃς
674 3134 740 3170 nem.
769 3118 869 3188 mallet:
895 3109 947 3168 Ἓν
974 3109 997 3168 d’
1026 3111 1069 3168 ἐπ.
1093 3111 1178 3181 μέγα,
1199 3109 1214 3184 ΙΙ

104 3195 195 3265 (Van.)
213 3201 336 3268 praebent
352 3200 413 3252 editi
433 3203 550 3268 (praeter
565 3204 638 3255 Wolf.
676 3199 734 3256 Tdv
753 3238 758 3252 .
777 3203 930 3277 ..dereris
953 3199 1142 3268 tt'Arreprr‘d.
1162 3218 1213 3252 κα-

103 3281 168 3336 Mar,
187 3284 328 3354 Humptrr.)
348 3284 393 3336 sed
411 3283 483 3354 λάβῃ
503 3287 638 3353 (Rodii),
673 3292 742 3349 κοῖς.
778 3287 835 3353 lgn.
858 3285 957 3339 Liebel.
984 3285 1096 3350 (Archit.
1115 3286 1213 3338 innube-

101 3366 126 3417 id
147 3367 213 3435 qued
238 3371 312 3421 etiem
330 3358 428 3421 Nauck.
452 3372 560 3437 recepit.
580 3372 637 3425 Ma·
673 3373 761 3439 graph.
779 3372 862 3439 princ.
883 3370 983 3437 reliqu,
1003 3369 1042 3421 ed.
1056 3370 1082 3422 2.
1102 3368 1211 3424 Vindob.

102 3465 155 3503 ren.
181 3450 301 3517 lubenter
320 3453 420 3518 tegeret
438 3455 490 3505 sic:
517 3452 637 3520 Πάσχων
671 3456 748 3521 1818,
762 3470 788 3521 p.
799 3455 861 3519 132)
876 3459 902 3506 et
914 3452 1099 3505 TinGeisierd.
1114 3453 1212 3519 (Peett.

102 3530 242 3603 ἀνάσχου·
270 3537 346 3604 δρῶν
373 3536 425 3606 γὰρ
453 3535 559 3605 ἕχορες·
587 3538 636 3592 nd·
671 3541 762 3594 minor.
781 3553 820 3603 gr.
845 3537 898 3589 Vel.
918 3537 964 3589 ΙΙΙ,
984 3551 1011 3604 ρ.
1030 3536 1093 3602 127)
1118 3539 1147 3587 ut
1165 3551 1212 3587 su-

100 3639 154 3686 per
172 3607 189 3688 ἸἸ
212 3620 270 3674 Τόν
281 3619 388 3690 ’ἐχθρόν
400 3621 455 3676 ἐστι
467 3623 547 3691 δροῖν,
564 3618 637 3676 ὅπου
672 3639 725 3691 pra.
759 3614 804 3674 uta
822 3625 914 3688 poetae
933 3617 1060 3672 sententie
1081 3621 1146 3689 apud
1167 3635 1211 3672 ve-

102 3705 203 3776 λοῖβῃς,
221 3708 322 3768 κακῶς.
672 3712 742 3760 terre
769 3707 919 3773 frequenter
945 3704 1073 3769 occurrit,
1098 3708 1128 3755 ut
1146 3705 1212 3770 apud

171 3791 197 3842 5.
214 3785 403 3858 Ἐχθοούς..
421 3789 541 3860 piene]
561 3792 638 3844 Euri-
673 3790 828 3856 Aeschylum
855 3788 968 3855 Choeph.
987 3787 1047 3840 310
1066 3789 1131 3842 Ηοο.
1150 3787 1212 3840 907.

101 3873 168 3941 pidie
194 3875 308 3929 incertae
336 3875 433 3928 tabulae
459 3878 637 3942 fragmentum·
674 3873 826 3928 ton1247.
912 3888 914 3892 ⁴
1225 3893 1227 3898 ·

101 3955 240 4026 'Exiere
254 3961 318 4013 Ven.
354 3961 428 4013 Bedt.
462 3961 541 4013 Gesn.
571 3963 637 4013 Mer.
742 3959 767 4010 7.
800 3953 938 4024 ἀνέχεται]
971 3911 1035 4010 Ven.
1068 3961 1094 4010 et
1125 3953 1211 4021 nodi,

101 4045 168 4098 Fetl
204 4046 306 4098 Caeteri
337 4046 408 4102 editt
440 4050 516 4112 atque
547 4045 637 4098 Metti.
672 4044 739 4097 Feli.
759 4043 834 4094 Wolf.
853 4043 919 4095 Mer.
938 4041 1065 4111 Humphr
1110 4037 1213 4090 caeteri

102 4131 190 4196 Wagn.
205 4130 302 4182 Nauck.
316 4125 427 4197 ἐχθρὸν.
448 4129 501 4181 Sed
516 4126 638 4197 ἐχθροῖς
674 4130 747 4182 editt.
767 4122 928 4196 ἀνέχεσθαι.

134 4220 212 4291 carp.
233 4221 318 4290 epau.
343 4222 397 4273 vu.
417 4221 488 4273 vni.
814 4210 817 4215 ‘
966 4224 1006 4280 12
1039 4237 1041 4240 ·
