2836 4852
198 275 262 343 rra
511 276 1002 367 raaoraruahrrocuarrr

199 440 288 529 ίξῆς
309 443 466 528 ἐλήφθης·
495 447 544 512 ότι
573 453 612 532 γῆ
639 445 669 512 εί
693 449 743 511 καλ
772 447 815 520 είς
837 448 897 526 γῆν
927 442 1082 533 άπελεάσρ.
1127 444 1156 484 ¹⁵
1166 450 1229 524 Τῆς
1258 444 1314 524 μὲν

203 547 261 619 σόν
288 557 420 636 ἱστορίας
449 561 504 619 τοῦ
533 552 704 639 άνθριόπου
730 556 780 618 καλ
808 558 864 617 τοῦ
893 557 1075 637 παροδιίσον
1102 555 1139 619 τά
1162 552 1237 638 ῥητά
1251 554 1315 634 ’τῆς

202 661 289 746 άγίας
308 665 432 746 γραφῆς
452 664 550 739 οὕτως
570 666 705 747 περιίγει.
997 649 1006 664 ’
1255 665 1258 670 ’

289 778 341 835 22.
369 768 463 853 Ἐρεῑς
484 767 541 836 οὖν
559 797 624 853 μοι·
660 773 710 837 zv*
735 770 821 858 1φῂς
842 769 897 834 τόν
918 771 996 834 θεόν
1022 773 1056 835 ἕν
1074 771 1160 857 τόπῳ
1181 769 1222 850 μὴ
1244 762 1367 833 δεῖν31

202 886 383 960 γωρεῖσθαι,
413 883 464 945 καλ
483 888 551 956 πός
568 885 628 946 νόν
649 883 740 965 λέγεις
763 877 858 944 attio
878 880 912 943 ἐν
930 884 974 964 τῷ
993 882 1164 966 παραδείσῳ
1185 902 1313 961 περιπα-
1321 875 1371 930 1⁰⁰

203 995 285 1064 τεῖνς
308 987 416 1052 'Anava
438 989 456 1054 ό
479 1014 567 1070 φημι.
610 987 668 1054 2‘O
688 990 743 1071 μὲν
763 987 837 1062 θεός
857 988 908 1050 καί
926 985 1024 1068 πατὴρ
1045 991 1108 1052 τοῖν
1131 986 1212 1053 όλων
1234 984 1314 1070 άγό-

203 1092 295 1177 ριγτός
316 1094 422 1160 ’ἔστιν
441 1100 492 1162 καλ
513 1101 547 1163 ἒν
568 1095 652 1183 τόπῳ
674 1093 731 1179 οόγ
751 1094 932 1178 εάρίσκεται·
962 1093 1022 1160 ὀὗ
1040 1094 1098 1179 γάρ
1121 1095 1315 1171 δστινίτόττσς

205 1207 262 1284 τῆς
289 1206 504 1281 καταπαύσεως
532 1203 637 1271 αὐτοῦ.
679 1205 715 1269 ‘0
735 1206 769 1270 δὲ
793 1205 881 1288 λόγος
902 1201 1014 1281 αὐτοῦ,
1042 1203 1080 1268 δι’
1100 1199 1138 1268 οὗ
1157 1189 1197 1269 τά
1215 1205 1315 1269 πάντα

204 1315 374 1393 πεποίηκεν,
396 1314 546 1396 ὕδόναριις
569 1312 614 1379 ὢν
629 1317 679 1379 καί
695 1317 788 1392 σοφία
804 1310 909 1388 αότοό,
933 1311 1157 1395 ἀναλαμβάνων
1171 1311 1204 1377 τό
1221 1313 1315 1396 πρόσ-

206 1445 291 1485 ωπον
317 1428 373 1486 τοῦ
394 1422 508 1506 πατρός
535 1425 585 1488 καλ
612 1426 719 1505 κυρίου
747 1429 809 1486 ταῖν
836 1423 935 1499 ὅλων,
966 1415 1055 1496 οὗτος
1075 1425 1245 1506 παρεγίνετο
1273 1425 1316 1499 είς

206 1527 262 1593 τόν
282 1532 465 1612 παράδεισον
479 1535 512 1598 ἐν
528 1533 681 1617 προσοίκῳ
699 1537 754 1595 τοῦ
770 1536 848 1595 θεοῦ
867 1532 916 1594 καί
937 1530 1037 1612 ὁμίλει
1056 1536 1099 1617 τῷ
1118 1527 1221 1612 Ἀδάμ.
1255 1532 1315 1596 Καί

206 1637 262 1721 γάρ
280 1635 358 1722 αότή
381 1639 403 1720 ἦ
422 1644 494 1705 θεία
515 1641 617 1726 γραφὴ
640 1641 770 1705 διδάσκει
793 1637 872 1719 ἡμᾶς
901 1640 956 1704 τόν
975 1636 1068 1720 ’Λδάμ
1095 1641 1218 1722 λέγοντα
1239 1639 1343 1720 ὃτῆςίλ

206 1750 317 1829 φωνῆς
338 1745 506 1830 άκηκοέναι.
554 1748 649 1830 Φωνὴ
671 1750 705 1814 δὲ
725 1752 754 1812 τί
774 1746 845 1813 titio
865 1749 946 1812 ἐστίν
967 1744 1030 1811 άλλ’
1047 1747 1070 1829 ἢ
1090 1746 1109 1812 ό
1128 1749 1215 1831 λόγος
1228 1745 1247 1812 ό
1260 1753 1317 1811 τοῦ

205 1861 299 1933 θεοῦ,
321 1854 358 1933 ὅς
378 1859 483 1924 7ἐστιν
501 1860 551 1923 καί
575 1855 642 1932 υἱός
662 1853 775 1934 αότοός
808 1853 873 1939 Οόγ
894 1855 938 1931 σός
958 1859 990 1920 οί
1009 1858 1129 1937 ποιηταί
1151 1858 1201 1920 καλ
1219 1864 1317 1937 μυθο-

204 1966 317 2046 γράφοι
336 1967 473 2049 λέγουσιν
501 1964 588 2041 υίοδς
618 1971 703 2030 θεοῖν
734 1967 766 2030 ἐκ
788 1967 950 2039 συνουσίας
970 1967 1190 2048 γεννωμένους,
1220 1961 1316 2029 8όλλά

205 2071 249 2146 ιός
270 2069 397 2153 άληθεία
419 2078 561 2158 διηγεῖται
581 2075 743 2157 τδνλόγον
765 2074 819 2138 τόν
838 2072 911 2137 ina
933 2074 984 2138 διά
1004 2072 1117 2149 παντός
1138 2073 1316 2138 ἐνδιάθετον

205 2180 239 2243 ἐν
260 2183 367 2266 καρδία
381 2188 467 2248 θεοῦ.
512 2184 580 2265 Πρδ
603 2183 658 2266 γάρ
681 2208 709 2246 τι
728 2185 866 2265 γίνεσθαι
883 2187 992 2245 τοῦτον
1013 2179 1111 2263 9εἶχεν
1133 2183 1316 2264 σύμβουλον,

205 2288 317 2352 ἑαυτοῦ
345 2297 421 2354 νοῦν
450 2293 500 2355 καλ
527 2291 678 2373 φρόνησιν
708 2289 792 2355 όντα.
842 2286 950 2355 Ὁπότε
970 2292 1004 2356 δὲ
1030 2287 1179 2373 ἠθέλησεν
1202 2288 1219 2354 ό
1242 2292 1316 2365 θεὸς

205 2399 330 2476 ποιῆσαι
353 2399 409 2462 όσα
432 2400 646 2480 ἐβουλεύσατο,
671 2404 780 2462 τοῦτον
802 2395 857 2464 τόν
876 2399 968 2482 λόγον
991 2401 1147 2481 ἐγέννησεν
1168 2423 1315 2482 προφορι-

204 2505 269 2582 κόν,
296 2503 522 2590 ιοπρωτότοκον
543 2501 642 2587 πάσης
662 2509 793 2584 κτίσεως,
818 2503 893 2570 ΙΙοό
914 2509 1061 2583 κενωθείς
1081 2506 1171 2583 αότδς
1193 2512 1249 2571 τοῦ
1265 2503 1315 2572 λό-

204 2639 268 2695 γου,
287 2613 363 2680 όίλά
384 2612 474 2699 λόγον
494 2611 640 2698 γεννήσας
661 2617 710 2679 καί
734 2613 814 2698 12roi
836 2611 915 2700 λόγῳ
936 2611 1031 2680 αότοῦ
1051 2617 1100 2680 διά
1119 2614 1232 2690 παυτδς
1251 2614 1314 2698 όμι-

203 2728 276 2785 λοόν.
315 2723 414 2788 Ὅθεν
436 2724 629 2788 διδάσκουσιν
651 2721 731 2803 ἦρός
753 2726 785 2786 αί
805 2723 886 2806 ἅγιαι
906 2724 1021 2806 γραφαί
1042 2725 1090 2789 καὶ
1113 2727 1223 2800 πάντες
1248 2723 1277 2764 ¹³
1284 2727 1342 2789 oic

273 2988 314 3041 15.
336 2991 393 3057 Τῆς
476 2987 607 3057 περιέχει]
627 2990 683 3042 Non
704 2991 741 3040 ri·
777 2990 845 3041 hert.
866 2994 948 3059 apost.
969 2990 993 3054 7,
1013 2989 1054 3041 49.
1083 2991 1121 3041 ct.
1140 2990 1184 3041 lib.
1205 2991 1225 3040 1.
1245 3007 1268 3042 c.
1289 2991 1313 3041 ί.

204 3071 251 3125 deo
281 3087 327 3125 cur
351 3077 431 3125 toturn
460 3073 526 3125 hunc
549 3074 632 3125 lorum
659 3073 740 3125 Hom·
777 3090 801 3126 a.
822 3074 866 3126 7.’

92 3208 95 3215 ,
203 3158 269 3223 phry
287 3159 458 3224 προσαιτοίη
475 3158 587 3211 admiror
604 3159 740 3209 viriinoo-
843 3159 868 3210 δ.
894 3158 954 3210 δάν.
981 3151 1021 3210 τόν
1044 3177 1069 3209 κ.
1095 3159 1183 3224 σοφία
1206 3153 1312 3225 αὐτοῦ]

204 3242 343 3304 ςίίαιιίίοοι.
371 3273 405 3282 -
449 3244 499 3296 Pro
529 3235 620 3302 οὕτως
647 3243 740 3308 (Van.)
776 3242 814 3294 Cf.
834 3259 855 3294 c.
875 3241 916 3294 10.
937 3259 962 3293 n.
981 3243 1007 3294 8.
1026 3244 1176 3310 Humphry:
1211 3244 1314 3308 „Verba

204 3325 271 3389 rutg.
291 3322 375 3380 ariaco.
777 3322 983 3395 ἀναλαμβάνων
1015 3324 1048 3380 τό
1077 3322 1233 3394 πρόσωπον
1260 3330 1313 3381 τοῦ

271 3409 295 3460 1.
314 3410 383 3480 φῄς]
404 3413 432 3462 c.
452 3412 478 3463 3.
775 3408 883 3475 πατρός
896 3426 946 3463 oon
962 3414 997 3463 ita
1012 3412 1123 3478 intelligi
1136 3412 1230 3464 dobant
1242 3416 1314 3480 quari

272 3494 297 3544 2.
323 3488 356 3546 Ὁ
379 3493 430 3560 μὲν
454 3492 523 3556 θεός
547 3497 617 3563 κτλ]
645 3494 739 3547 contra
775 3511 824 3547 una
843 3511 864 3546 ι.
885 3496 1004 3548 trinitatis
1022 3510 1132 3564 persona
1151 3497 1254 3548 atteram
1272 3498 1312 3548 in-

203 3578 378 3630 Artemonium
405 3581 488 3644 (Sam.
516 3579 650 3644 Croliium)
679 3593 740 3644 pro·
776 3580 882 3644 (tuerat,
910 3593 959 3630 ror
994 3581 1061 3630 onim
1094 3577 1249 3646 πρόσωπον
1282 3581 1313 3634 δε

202 3665 300 3728 pugnat
328 3662 394 3713 hunc
428 3663 509 3715 locum
539 3661 740 3727 Wosselingius:
776 3665 894 3731 personia
918 3665 1039 3716 trinitatis
1064 3668 1181 3732 usurpari
1202 3665 1312 3718 nondum

205 3745 333 3797 Probabit.
361 3762 385 3812 ρ.
411 3746 462 3799 110
480 3763 536 3814 sqq.
579 3748 618 3801 ct.
639 3748 740 3799 tiorner
776 3750 908 3813 coeperat,
927 3748 987 3813 sed,
1015 3750 1160 3816 metaphora
1179 3765 1193 3800 a
1211 3752 1314 3802 theatro

202 3829 255 3883 Dia
274 3827 357 3880 Latara
380 3845 433 3880 νοιι
451 3831 497 3882 δατ
515 3831 618 3884 Persou
639 3832 740 3883 Christi
775 3835 873 3896 sumta,
903 3831 963 3884 dicit
981 3833 1136 3898 Theophilus
1153 3832 1233 3886 titium
1252 3849 1313 3900 par-

203 3915 233 3967 P.
248 3915 270 3965 1.
289 3928 315 3980 ρ.
331 3909 382 3963 436
397 3927 435 3978 aq.
774 3921 814 3967 tos
832 3931 909 3982 agero
927 3917 1007 3985 patris
1026 3921 1052 3969 at
1069 3915 1138 3969 ittiu's
1158 3920 1259 3971 nomino
1273 3919 1313 3970 to·

228 4022 230 4031 .
270 3998 295 4050 3.
316 3993 392 4050 ἐστιν
467 3993 552 4065 ἐστιν]
574 4000 651 4066 Ven.;
670 4000 738 4064 vulg.
775 4000 845 4066 qui.“
872 4001 910 4051 ct.
929 4000 1021 4052 lustin.
1040 4001 1116 4068 Apol.
1135 4003 1154 4052 t.
1173 4017 1195 4053 r.
1210 4000 1243 4054 36
1255 4018 1312 4070 sqq.

203 4082 268 4148 (bis)
289 4079 356 4135 ἐστι.
774 4113 808 4122 -
827 4086 909 4137 Antea
928 4085 1003 4151 τυίςο
1021 4084 1170 4152 πεποίηκε,
1190 4101 1240 4138 non
1261 4104 1312 4138 πε-

269 4167 294 4219 4.
316 4164 350 4221 ου’
429 4160 531 4232 αὐτοῦ]
552 4168 601 4218 les.
620 4166 691 4233 66,1
714 4173 740 4219 at
774 4169 890 4234 ποίηκεν
911 4169 1012 4235 (Veh).
