2836 4852
432 278 488 336 an
512 276 759 338 nonouuouu
782 278 859 339 cru.
879 277 919 340 n
969 256 973 272 '
1134 237 1138 243 ’
1171 273 1232 338 137

122 448 225 508 etiam.
248 449 281 506 ut
303 448 485 523 mysterium
508 439 709 515 monarchiae
735 449 785 507 dei
809 464 850 506 ex
873 463 909 504 ea
933 461 968 502 ro
995 447 1233 510 demonstrare-

122 560 191 633 tur,
223 556 314 617 simul
342 557 421 616 feeit
440 558 527 616 deus
559 574 689 618 uxorem
718 557 804 634 eius,
838 557 931 631 atque
962 560 996 616 ut
1025 559 1124 617 maior
1147 562 1233 618 esset

122 667 204 725 inter
235 682 290 726 eos
313 667 545 725 benevolentia.
590 665 728 724 Adamus
760 664 856 740 igitur
884 666 1049 740 postquam
1065 669 1113 726 ⁴ad
1134 667 1231 728 Evam

123 776 218 834 dixit:
262 775 335 835 Hoc
363 795 444 835 nuuc
473 774 542 851 [est]
573 795 605 834 os
636 793 675 832 ecc
697 773 809 833 ossibus
831 774 904 832 meis
928 781 958 832 et
981 795 1056 834 coro
1079 795 1232 837 amoenae

123 903 205 944 meo:
235 885 364 961 insuper
385 886 573 946 vaticinatus
597 884 647 942 cst
673 883 798 942 dicens:
847 882 1020 961 Propterea
1042 883 1232 964 derelinquet

123 995 168 1052 uir
185 1000 316 1070 'putrem
336 1014 419 1054 suum
441 1001 471 1053 et
495 997 620 1052 matrem
641 999 672 1051 et
696 990 876 1063 adhaerebit
898 994 992 1051 uxori
1013 1012 1099 1061 sace,
1130 995 1231 1054 munt}

123 1121 179 1181 que
201 1101 264 1162 cleo
288 1104 320 1160 ic
343 1121 464 1162 curnem
486 1107 593 1161 coemi
624 1087 713 1175 quod
738 1086 838 1177 ipsum
868 1100 899 1158 in
927 1101 1017 1160 nobis
1039 1102 1148 1177 perfici
1173 1119 1232 1179 pa·

120 1214 189 1269 tet·
221 1212 405 1279 Quisenim
434 1207 560 1287 nuptias
589 1210 729 1286 legitime
759 1209 949 1278 contrahens
978 1226 1045 1269 non·
1063 1213 1231 1271 contemnit

118 1323 243 1396 ‘patrem
279 1323 311 1380 et
349 1322 478 1384 matrem
514 1322 547 1378 et
582 1321 797 1396 cognationem
826 1336 944 1377 omnem
976 1321 1008 1377 et
1034 1322 1230 1396 propinquos

123 1445 247 1504 omnes,
285 1427 460 1487 adhaerens
495 1431 528 1485 et
557 1428 740 1486 coniunctus
769 1427 984 1503 uxoris'suae,
1016 1430 1134 1487 maiore
1165 1445 1231 1488 eam

122 1537 345 1624 benevolentia
379 1535 616 1612 complectens?
667 1535 754 1592 Unde
788 1536 881 1594 etiam
916 1537 1058 1597 nonnulli
1089 1539 1229 1599 extrema

122 1646 209 1703 vitae
236 1645 414 1704 discrimina
444 1645 560 1722 adeunt
586 1644 719 1719 propter
742 1658 858 1702 uxores
884 1662 971 1703 suas.
1016 1644 1102 1704 Hauc
1121 1644 1231 1724 Evam,

123 1755 273 1828 qu'oniam,
290 1754 460 1828 antiquitus
483 1770 500 1810 a
525 1753 673 1828 serpente
695 1752 828 1838 decepta
851 1755 883 1810 et
906 1753 996 1828 origo
1018 1756 1142 1829 peccati
1164 1756 1234 1832 fuit,

124 1862 282 1922 maleficus
310 1862 457 1937 daemon,
489 1862 540 1935 qui
569 1863 607 1919 et
630 1864 720 1919 satan
750 1863 898 1937 vocatur,
927 1879 962 1921 ac
993 1865 1056 1922 tum
1084 1879 1152 1923 eam
1174 1881 1233 1941 per

120 1973 300 2047 serpentem
324 1971 479 2030 allocutus
503 1972 565 2045 est,
581 1965 683 2042 'atque
706 1969 809 2029 adhuc
829 1973 980 2046 operatur
1005 1974 1035 2030 iu
1057 1973 1233 2034 hominibus

124 2097 143 2137 a
173 2096 208 2138 se
241 2080 414 2156 correptis,
448 2074 538 2138 Ενακ
565 2077 717 2154 appellat.
770 2077 908 2137 Daemon
940 2083 1042 2140 autom
1072 2084 1104 2141 et
1136 2084 1232 2144 draco

177 2322 240 2381 ¹11„
257 2321 371 2390 Tauiana
452 2318 616 2390 Aalpoudt
634 2340 658 2373 κ.
695 2335 744 2388 que
762 2321 814 2373 Eva
836 2339 849 2374 a
868 2327 990 2393 serpente
1018 2325 1125 2393 primum
1152 2325 1230 2379 sedu-

125 2402 237 2471 δράκων
254 2408 322 2475 art]
344 2408 406 2480 Coti.
428 2410 507 2476 Apoc.
528 2408 568 2474 12,
588 2406 612 2460 9.
696 2409 734 2457 cta
753 2399 847 2472 peccati
865 2409 937 2474 origo
952 2411 1084 2477 existeret,
1102 2412 1231 2467 maleficus

179 2480 234 2546 '122
254 2491 355 2560 σακὰν]
376 2493 454 2545 Codd.
474 2491 659 2545 mstietcditi.
695 2489 800 2560 daemon
821 2529 827 2543 .
845 2529 850 2541 .
868 2530 874 2543 .
892 2494 972 2545 Ενακ
998 2497 1129 2547 vocatur.“
1166 2498 1232 2551 Pro-

125 2576 197 2629 Alius
211 2579 344 2645 scripserit
359 2577 453 2630 σατᾶν.
483 2576 661 2629 Ctl'isohen·
696 2573 841 2627 vocavitad
861 2576 1232 2643 Orid.lt1etarn.lV.15,uhi
1270 2593 1275 2605 “

125 2660 189 2713 dors.
209 2663 238 2735 ad
257 2662 275 2715 2
294 2663 354 2714 Cor.
374 2661 415 2727 12,
435 2661 451 2713 7
470 2660 523 2727 (ad.
544 2660 581 2725 7).
657 2684 658 2688 ¹
695 2659 765 2710 Euan
792 2661 861 2713 inter
888 2667 986 2714 caetera
1013 2663 1105 2716 Bacchi
1133 2667 1233 2719 nomina

194 2747 234 2801 13.
260 2743 433 2813 ἐνδονσιαζ]
461 2746 523 2796 ten.
543 2748 568 2796 et
586 2744 659 2795 Bodl.
695 2750 862 2798 memoratur:
890 2747 1093 2815 „Nyctiieusque
1112 2749 1232 2805 Eleleus-

79 2895 82 2899 .
124 2827 379 2898 ἐνθνσκαζομένοις.
416 2831 574 2882 Bacchautes
600 2829 660 2880 sub·
696 2844 743 2895 que
762 2845 855 2897 parens
871 2836 897 2882 et
909 2833 1014 2884 Iacchus
1029 2837 1055 2884 et
1068 2833 1233 2891 Evan.“·At

124 2919 209 2970 innuit
225 2918 344 2985 scriptor.
695 2919 821 2968 veretum
836 2919 1015 2984 exspectabas:
1034 2915 1091 2971 Δια
1102 2920 1133 2972 τό
1147 2915 1233 2990 ἀρχῆ-

149 3008 151 3010 ’
193 3001 233 3054 11.
253 2997 343 3068 Εδδν]
365 3001 427 3052 Ven.
440 2999 573 3058 nectendi
587 2999 660 3055 Bodl.
695 3000 748 3053 θεν
763 3002 945 3069 πλανηθῆναι
963 3001 1069 3070 ταύτην
1086 3003 1138 3071 τήν
1153 3000 1234 3061 Εὔαν

125 3090 151 3137 et
168 3085 230 3139 editi
249 3102 337 3139 omnes
351 3087 437 3152 inepte
454 3079 541 3137 Εὔαν.
571 3085 660 3151 Neque
696 3078 753 3139 v‘rrd
774 3085 825 3138 τοῦ
847 3079 941 3153 ὄφεως
960 3091 1018 3141 art.
1045 3078 1128 3156 Ipsam
1147 3092 1233 3144 vocari

105 3170 279 3236 ‚nilgeufeto-
300 3170 351 3222 Dic
381 3171 499 3222 clement.
526 3169 661 3236 Receperat.
696 3170 1014 3225 EramaBaechisetiam
1027 3166 1233 3230 ClemensAlen.

124 3272 151 3306 κ.
171 3256 270 3309 Homll.
293 3256 361 3321 (len.
377 3254 458 3322 1818)
477 3271 503 3324 p.
518 3253 569 3307 213
588 3268 661 3306 erro·
696 3256 722 3306 in
742 3255 827 3329 Pratr,
847 3274 868 3310 c.
884 3257 909 3309 2.
931 3257 956 3323 §z
973 3258 990 3312 2
1008 3259 1103 3324 (minue
1118 3267 1234 3315 accurate

125 3330 334 3394 remseorr'exit.
377 3339 475 3393 Alludit
506 3339 661 3404 Theophilus
696 3339 823 3391 Eusebius
843 3341 935 3410 Praap.
957 3357 996 3396 er.
1018 3344 1051 3395 11.
1071 3359 1093 3396 c.
1112 3345 1137 3397 3.
1156 3361 1182 3413 p.
1201 3347 1234 3400 71

118 3426 157 3488 ad
176 3425 348 3478 Bacchantum
367 3440 454 3477 rocem
475 3424 661 3488 etelamorem,
698 3423 738 3476 ed.
758 3424 834 3476 licin.
854 3426 986 3492 repetiit),
1006 3431 1034 3478 ut
1051 3427 1099 3480 iam
1117 3429 1234 3498 Ducaeus

125 3525 189 3579 quae
214 3505 302 3565 edelr
329 3511 369 3577 (et
386 3504 461 3574 adai)
488 3508 661 3561 vociferaban·
698 3507 815 3574 aduertit,
834 3511 870 3560 ait
888 3509 1000 3563 diserte:
1022 3509 1235 3578 lndtotu'toaese

124 3599 176 3648 tur.
196 3579 319 3663 ⁵,Repetit
342 3610 354 3646 a
379 3598 479 3659 satana,
504 3591 661 3660 quandoqui-
698 3586 790 3668 Edeta}
809 3585 890 3644 Elios
904 3592 1019 3663 ἐκείνην,
1036 3590 1073 3648 δι’
1084 3591 1121 3663 ἣν
1135 3596 1153 3666 ἡ
1165 3597 1235 3655 artoi-

126 3679 182 3731 dem
200 3680 223 3731 is
244 3683 363 3748 operatur
382 3675 412 3731 ἐν
431 3682 490 3752 eote
508 3674 660 3731 ἐνδονσια·
697 3695 731 3743 νη
745 3674 988 3746 παρηκολούθησε.
1021 3679 1073 3732 Cir.
1088 3683 1122 3734 ihi
1136 3685 1234 3740 Potter.

126 3760 256 3828 ζομένοις
269 3758 324 3817 7ὑπ’
344 3759 444 3816 αὐτοῦ.
480 3763 602 3814 Placitum
623 3765 663 3813 est
767 3762 809 3816 15.
829 3759 877 3814 διδ
894 3759 926 3815 ed
941 3761 1166 3832 ἀποδεδρακέναι
1182 3767 1233 3824 αδὲ

124 3847 211 3900 Noltio
227 3852 255 3899 ut
266 3851 392 3900 scriberet
407 3839 487 3898 Εὔαν
506 3847 568 3913 (sic)
589 3842 661 3906 ἐπι·
698 3842 760 3913 τόν]
780 3846 849 3899 Haec
861 3845 1022 3915 'etymologia
1042 3853 1093 3904 τοῦ
1113 3854 1234 3918 δράκον-

125 3935 261 3985 aetatem.
283 3931 334 3986 Sed
349 3932 444 3984 videsis
458 3933 581 3998 Stephon.
595 3931 663 3983 The·
698 3950 746 3993 roc
772 3946 823 3984 uon
840 3933 912 3988 facile
932 3935 1078 3988 admittetur
1096 3953 1109 3988 a
1129 3938 1234 3992 Graecis

125 4004 198 4070 saur,
215 4033 253 4085 gr.
272 4017 335 4083 ling.
355 4016 395 4070 ed.
414 4017 482 4068 Hase
502 4015 556 4067 Vol.
571 4008 619 4067 111.
637 4032 663 4083 p.
700 4018 824 4088 profanis,
842 4018 902 4070 licet
917 4016 1075 4085 ἀπόδρασιν
1091 4031 1199 4095 σνρατεΙ
1221 4041 1236 4084 e

125 4102 185 4155 131.
214 4101 321 4154 Wolfius
340 4098 493 4155 ἐκκαλεῖται
509 4100 538 4152 ad
552 4105 664 4152 satanam
700 4103 827 4175 appellent
840 4106 1015 4158 decetionem
1028 4107 1096 4158 aciei
1110 4111 1135 4158 et
1148 4023 1234 4260 δὸ-

125 4189 225 4255 passiva
253 4188 355 4239 notione
382 4188 483 4239 retulit:
513 4186 593 4252 „Cum
615 4188 664 4239 ita·
700 4189 842 4240 clationem
860 4190 974 4241 militiae
994 4193 1019 4239 et
1035 4186 1177 4257 δραπέτην
1203 4208 1235 4244 α-
