2836 4852
470 240 526 307 ΑΙ)
549 242 794 309 AUTOLYCUM
816 241 893 305 [ΑΒ.
915 244 953 304 11.
1208 243 1271 308 147

157 414 385 492 genealogiam,
408 392 518 475 taetus*
533 418 583 475 est
602 417 728 476 anobis
752 417 915 491 catalogus
938 414 1044 474 brevis
1067 412 1096 475 in
1120 432 1159 477 eo
1177 432 1267 492 quem

158 540 255 600 supra
287 523 420 582 diximus
442 523 535 582 libro.
579 524 667 584 Nune
689 527 792 584 autem
815 540 895 599 quae
919 528 1090 601 supersunt
1111 541 1267 585 memora·

158 633 258 691 bimus
285 635 348 691 tum
380 632 419 690 de
441 632 572 692 urbibus
601 635 633 690 et
655 633 801 709 regibus,
834 636 898 691 tum
928 633 968 691 de
996 633 1036 692 iis
1065 649 1145 708 quae
1174 637 1267 710 gesta

158 743 231 801 sunt
258 758 351 816 quum
378 758 469 800 unum
498 741 614 816 labium
647 743 736 800 esset
767 758 804 800 ao
833 738 937 818 lingua
970 758 1039 799 una.
1090 741 1265 817 Antequam

156 850 282 926 linguae
312 850 544 925 dividerentur,
578 847 634 908 luae
657 850 752 909 urbes
773 849 901 908 suerunt
922 867 1000 925 quas
1023 866 1119 926 supra
1142 851 1266 911 dosori-

156 959 284 1034 psinnus.
329 958 427 1027 Quum
449 961 553 1018 autem
575 946 709 1018 instaret
732 961 855 1034 tempus
879 959 913 1018 ut
935 957 1077 1018 homines
1099 958 1131 1016 in
1159 959 1266 1019 varias

155 1069 265 1147 partes
288 1068 565 1144 dispergerentur,
597 1067 759 1126 eonsilium
792 1067 831 1124 de
862 1082 919 1125 sua
950 1081 1009 1125 neo
1039 1067 1082 1126 de
1108 1066 1160 1126 dei
1190 1083 1265 1126 seu-

155 1177 254 1242 tentia
290 1178 441 1252 oeperunt
476 1176 558 1236 urbis
594 1175 815 1254 aedificandus
845 1181 877 1234 et
906 1174 1014 1242 turris,
1054 1176 1139 1235 euius
1168 1183 1264 1254 eaput

155 1282 273 1374 eoelum
302 1285 484 1362 uttinperet‚
514 1287 548 1343 ut
578 1279 640 1344 sibi
667 1298 779 1344 nomen
807 1283 957 1360 inolytum
981 1285 1141 1360 parerent.
1185 1284 1265 1353 Quia

153 1392 252 1468 igitur
280 1394 409 1469 praeter
438 1394 489 1452 dei
518 1392 712 1453 voluntatem
735 1409 834 1468 grave
859 1407 938 1469 opus
964 1392 1033 1451 ansi
1056 1391 1183 1451 suerunt
1204 1409 1264 1468 ag·

153 1501 263 1576 gredi,
293 1501 410 1558 evertit
433 1499 510 1559 deus
534 1516 642 1559 eorum
664 1500 772 1557 urbem
796 1502 829 1557 et
851 1500 960 1558 turrim
985 1500 1108 1559 deieoit.
1152 1498 1264 1559 Exeo

154 1611 301 1684 tempore
329 1607 360 1666 in
388 1606 543 1666 hominum
571 1608 695 1686 linguas
718 1607 903 1667 varietatem
925 1605 1063 1684 induxit,
1093 1609 1170 1668 dans
1192 1610 1264 1668 uni-

153 1717 267 1791 estque
295 1717 452 1775 diversam
477 1716 653 1775 dieleotum.
696 1715 799 1790 Atque
822 1712 902 1775 haee
924 1717 1047 1790 quidem
1068 1716 1191 1793 Sibylla
1213 1718 1264 1788 i'n-

154 1826 282 1901 diuavit,
305 1843 395 1901 quum
420 1825 497 1882 iram
521 1825 633 1883 mundo
656 1826 837 1882 eventuram
862 1826 1029 1884 nuntiaret.
1062 1824 1180 1886 Loeuta
1205 1844 1263 1886 au·

154 1937 217 1994 tem
240 1937 289 1994 est
311 1935 373 1994 sio:

199 2052 264 2113 Sed
286 2050 410 2132 quondo
430 2052 535 2129 mupni
558 2048 610 2109 dei
627 2050 836 2128 perficiuntur
861 2052 975 2118 minue,
1042 2025 1044 2029 ι
1095 2052 1263 2128 [brienrent

201 2162 283 2233 Ques
305 2160 475 2244 aliquunde
498 2160 695 2220 comminutus
718 2165 762 2218 est
781 2157 967 2228 mortalibus,
990 2180 1078 2240 quum
1094 2162 1199 2221 turrim
1215 2163 1263 2239 fa·

201 2265 237 2329 In
258 2277 340 2331 ternu
364 2269 499 2352 Assyria.
543 2267 643 2327 Eruet
666 2275 764 2327 uestem
788 2270 995 2328 omnesones
1017 2268 1158 2350 liupuae,

199 2378 241 2439 Et
261 2378 420 2448 voluerunt
439 2376 627 2452 adscendere
651 2378 682 2435 irs
704 2374 820 2444 coelum
839 2374 1034 2456 stelliperum.

217 2613 265 2667 dt.
292 2616 478 2684 οἰκοδομῆσαι
505 2651 534 2666 ..
556 2652 561 2664 .
589 2606 689 2680 desud—
727 2611 882 2664 Gesehiclrie
896 2605 1006 2664 Assur's
1021 2629 1048 2666 u.
1062 2601 1168 2665 Bubel's
1185 2610 1261 2680 (Ber.

156 2699 240 2767 σθαι]
259 2698 355 2754 Genes.
375 2700 416 2760 11.
434 2699 460 2752 4.
591 2694 595 2700 ”
724 2695 805 2759 1857)
824 2709 849 2761 p.
866 2693 926 2765 lte.

222 2783 265 2837 17.
291 2779 360 2844 dorio
379 2822 385 2835 .
403 2821 409 2834 .
427 2821 433 2834 .
452 2779 611 2850 διάλεκτον]
636 2781 690 2834 Ge·
795 2779 847 2831 18.*
865 2772 966 2847 οὕτως]
988 2776 1065 2847 Ven.;
1093 2780 1160 2848 vulg.
1179 2775 1262 2836 οὕτω.

153 2885 210 2939 nes.
237 2868 286 2935 11,
303 2870 327 2922 7.
354 2899 388 2908 -
423 2868 511 2922 Paullo
537 2873 595 2923 ante
624 2867 688 2919 Fell.
725 2865 776 2917 Pro
796 2863 949 2932 σεσήμακεν
975 2864 1069 2931 (Vens
1087 2883 1109 2918 c.
1126 2866 1169 2922 24.
1189 2884 1213 2922 n.
1232 2867 1261 2934 9)

154 2953 229 3006 Wolf.
248 2954 373 3020 llumphr.
392 2950 533 3022 ἐνήλλαξε,
552 2954 646 3019 absque
665 2972 689 3018 v,
725 2949 798 3002 Bodl.
821 2955 847 3002 el
866 2950 927 3002 edili
946 2945 1108 3018 σεσήμαγκε.
1128 2978 1159 2990 -
1195 2949 1261 3004 Fel-

154 3043 243 3091 contre
263 3038 325 3091 Ven.
345 3043 370 3091 ei
388 3039 462 3092 Bodl.
481 3068 514 3078 -
534 3039 640 3090 constal
658 3030 689 3089 de
724 3036 779 3087 lus:
797 3034 935 3102 „Sibyllam
953 3035 1012 3088 iulia
1031 3035 1155 3088 cecinisse
1174 3040 1263 3088 euelor

153 3125 335 3177 eversione
354 3124 462 3176 turris
480 3123 630 3190 scripturam
647 3139 687 3175 se·
725 3123 765 3170 est
789 3119 864 3170 etium
890 3119 1013 3185 Iosephus
1039 3117 1146 3188 dnliqq.
1173 3120 1224 3172 iud.
1250 3119 1263 3171 1

155 3221 222 3261 eram
240 3211 336 3272 iuuere,
356 3207 401 3259 sed
420 3211 543 3260 memorat
560 3206 627 3258 illam
647 3207 689 3259 Si·
726 3202 761 3271 [c.
781 3200 809 3269 t]
836 3206 861 3254 el
879 3203 974 3255 Euseb.
993 3203 1087 3272 Praep.
1107 3219 1146 3254 ev.
1165 3203 1200 3256 lx
1227 3204 1261 3273 [c.

154 3291 222 3356 hylle
240 3306 254 3344 a
273 3291 412 3359 Theophilo
431 3291 472 3342 irie
490 3291 605 3343 laudula:
626 3284 689 3344 ἄνε-
725 3285 798 3352 15].“
835 3287 874 3339 Cf.
893 3302 919 3338 n.
939 3286 980 3368 17.

152 3392 202 3440 μοι
226 3374 314 3442 μέγαν
337 3369 434 3443 ὑψόθι
458 3375 566 3442 πύργον
591 3374 689 3443 ῥίψαν.
794 3371 835 3424 19.
856 3366 1154 3442 'ritt'miodpotmovl
1172 3371 1262 3426 Orsus.

153 3460 194 3513 Ab
221 3459 307 3513 eedem
333 3462 462 3512 muluatus
488 3464 528 3511 est
552 3460 704 3526 Abydenus·
727 3457 817 3523 Sibyll.
835 3457 883 3509 lIl.
903 3455 1032 3523 97-105,
1051 3456 1090 3509 ed.
1106 3457 1263 3510 &Alexan-

152 3558 193 3612 ap.
212 3544 415 3612 musenrnep.
434 3543 618 3597 ev.lX.o.14
638 3543 690 3610 (ed.
726 3541 786 3606 dre,
814 3540 869 3592 Vol.
887 3542 908 3593 l.
935 3558 959 3609 p.
982 3539 1039 3590 10⁰.
1075 3541 1162 3608 comp.
1188 3543 1210 3593 1.
1229 3542 1261 3593 Η.

153 3627 299 3696 donicus.
344 3628 428 3680 Etiam
460 3627 617 3696 Eupolemus
651 3643 690 3696 ep.
726 3625 857 3680 Friedliel)
881 3626 932 3679 Die
954 3625 1050 3692 steyn.
1071 3626 1218 3694 Weissupp.
1233 3642 1262 3695 p.

152 3713 215 3767 Eue.
234 3713 251 3764 l.
271 3729 293 3766 e.
313 3729 334 3766 e.
354 3712 388 3765 17
413 3713 473 3765 dicit
494 3727 608 3765 eversam
633 3729 690 3766 esse
726 3709 767 3762 52.
787 3738 820 3748 -
854 3709 934 3762 (lesu.
952 3709 1088 3776 μεγάλου,
1108 3725 1158 3763 non
1176 3709 1261 3778 μεγά-

152 3798 243 3855 turrim
272 3800 347 3852 islam
376 3793 432 3852 sind
461 3798 512 3864 τῆς
539 3799 591 3850 τοῦ
618 3798 689 3851 θεοῦ
726 3799 787 3847 toto
807 3794 882 3859 (Vsu.
902 3793 1001 3860 Bodl).

152 3882 301 3951 ἐνεργείας.
347 3885 439 3938 celsus
457 3899 497 3952 ep.
515 3882 588 3949 Orig.
607 3882 650 3934 lv.
669 3898 690 3934 e.
795 3877 837 3931 20.
864 3869 1040 3952 ἐπηπείλησε]
1066 3880 1129 3933 Vsu.
1148 3878 1262 3947 ἐπηπεί-

152 3969 186 4022 21
216 3969 370 4024 Christianis
401 3981 471 4020 susm
500 3968 552 4020 sod
581 3963 691 4035 πύργου
726 3970 816 4034 ineos.
848 3964 914 4016 llos
939 3964 1028 4030 Sibyll.
1048 3967 1132 4019 minus
1150 3965 1215 4018 bene
1235 3961 1264 4017 οἳ

152 4045 328 4123 sordidasse
355 4054 502 4122 exprobrat.
539 4052 579 4105 ct.
604 4067 630 4104 n.
648 4050 690 4104 18.
726 4053 803 4105 hebet
820 4050 877 4103 loeo
898 4041 956 4104 ὅτε.

151 4140 292 4194 Praeterea
308 4138 426 4198 eonsules
445 4137 524 4190 lituro.
538 4152 562 4190 v.
577 4137 693 4192 Niebuhr
795 4134 839 4189 21.
870 4131 1010 4204 βούλομ’]
1044 4135 1108 4188 lou.
1137 4136 1164 4186 el
1190 4131 1263 4187 Bodl.

987 4232 1053 4291 1⁰*
