2836 4852
221 303 284 353 xiv
584 277 968 352 raonnGOMnNA.

223 467 334 537 etiam
357 465 679 557 paragraphorum
702 488 873 538 numeros
896 467 932 536 in
954 463 1149 537 Wolfiana
1171 467 1337 540 editione

221 592 413 664 indicatos

324 717 624 809 Adnotatio,
667 739 738 806 qua
772 715 1019 807 Theophilum
1056 717 1257 811 adornavi,
1300 725 1337 789 et

223 843 350 913 critica
373 850 430 914 est
453 849 490 912 et
515 844 715 935 exegetica,
742 842 836 912 sicut
861 842 898 911 in
922 842 1013 911 meis
1036 840 1165 910 Iustini
1188 842 1338 913 Tatiani

222 968 487 1058 Athenagorae
523 968 753 1037 editionibus.
806 965 853 1036 Et
885 966 922 1035 in
956 967 1084 1036 critica
1116 967 1262 1054 quidem
1297 969 1336 1037 id

222 1093 388 1183 spectavi
415 1103 454 1161 ut
481 1112 552 1161 non
579 1094 687 1162 modo
717 1099 936 1182 perpetuam
963 1090 1156 1161 lectionum
1188 1093 1336 1162 discre-

222 1218 382 1307 pantiam
410 1217 447 1285 in
477 1218 582 1287 lihris
612 1216 868 1305 manuscriptis
903 1223 939 1284 ct
968 1216 1156 1305 impressis
1183 1218 1335 1307 conspi-

223 1363 328 1413 cuam
350 1344 420 1411 sed
442 1362 566 1413 omnes
591 1362 734 1432 quoque
758 1341 922 1411 virorum
946 1343 1138 1413 doctorum
1161 1362 1205 1411 ac
1232 1362 1336 1412 meas

223 1467 454 1538 coniecturas
490 1468 666 1558 religiose
705 1486 1049 1558 commemorarem3
1085 1468 1182 1537 unde
1216 1467 1335 1536 cuivis

221 1593 309 1664 licet
335 1593 528 1663 historiam
549 1598 683 1679 κρίσεως
708 1591 824 1661 nostri
852 1592 1044 1680 scriptoris
1071 1592 1217 1681 penitus
1240 1613 1334 1682 per-

222 1719 378 1810 spicere.
416 1716 457 1786 In
482 1718 675 1806 exegetica
697 1724 820 1787 autem
840 1716 911 1785 hoc
931 1717 1039 1786 modo
1059 1725 1231 1788 versatus
1253 1738 1335 1788 sum

222 1851 279 1936 ut,
313 1843 518 1929 ubicunque
546 1842 642 1911 ratio
668 1844 892 1933 postularet,
925 1842 1119 1932 scriptoris
1144 1843 1272 1912 verbis
1297 1853 1335 1914 et

221 1966 413 2038 sententiis
447 1972 658 2037 accuratam
692 1966 1032 2056 interpretationem
1068 1987 1333 2057 supponerem:

221 2092 561 2165 animadversiones
586 2113 695 2179 quum
720 2092 887 2185 aliorum,
913 2099 1091 2181 quotquot
1114 2091 1222 2162 utiles
1249 2101 1336 2162 sunt

221 2215 311 2289 mihi
337 2216 441 2286 visae
456 2215 511 2308 i),
544 2221 618 2284 tum
654 2236 771 2286 novas
803 2237 902 2318 meas
933 2237 1143 2306 proponens
1170 2216 1334 2306 nihilque

221 2344 259 2413 in
293 2341 390 2411 iusto
427 2342 623 2412 brevitatis
658 2342 777 2412 studio
817 2343 1114 2432 praetermittens
1153 2345 1252 2431 quod
1285 2345 1334 2413 ad

222 2490 300 2541 rem
324 2468 478 2539 faceret.

323 2593 496 2665 Versio
525 2602 581 2664 est
603 2592 838 2685 lllaraniana,
870 2596 938 2662 sed
960 2593 1159 2663 innumeris
1191 2594 1282 2663 locis
1311 2614 1333 2663 a

222 2745 280 2793 me
305 2722 500 2791 emendata
525 2722 733 2809 rectiusque
759 2719 999 2790 conformata.

323 2843 528 2913 Indices
566 2847 761 2913 verborum
795 2849 923 2915 notatu
961 2845 1170 2935 dignorum,
1208 2865 1334 2915 rerum

223 2968 529 3056 memorabilium,
562 2970 727 3038 locorum
754 2990 774 3036 c
801 2969 917 3037 sacris
942 2977 979 3039 et
1000 2967 1166 3057 profanis
1185 2969 1334 3058 scriptis

223 3095 416 3167 citatorum
431 3090 510 3183 ll⁴),
537 3098 726 3162 auctorum
749 3094 786 3162 in
812 3093 1087 3184 prolegomenis
1112 3099 1150 3162 et
1173 3094 1333 3162 adnota-

289 3303 317 3371 *J
336 3301 564 3355 Dissertatinnculn
583 3303 724 3372 Theoph.
747 3301 913 3357 Grnbnorl
931 3302 1006 3354 hodic
1027 3302 1156 3354 rarissima
1175 3300 1232 3367 „De
1246 3302 1333 3354 Theo-

222 3387 292 3458 philo
310 3386 437 3455 Episcopo
456 3385 625 3440 Antiocheno.
650 3386 741 3440 Drestl.
759 3386 848 3441 mle
866 3386 908 3452 (4⁰
925 3387 999 3454 min.)
1023 3387 1120 3439 nulline
1138 3389 1179 3438 est
1195 3386 1333 3453 ponderise

223 3487 275 3529 nen
288 3472 403 3526 continet
416 3473 465 3524 nisi
481 3487 528 3525 sex
542 3473 656 3542 paginus,
676 3474 767 3540 quihus
786 3470 898 3539 quinque
912 3469 999 3522 theses
1017 3475 1210 3537 proponuntur:
1227 3471 1333 3537 „Thoo-

222 3557 335 3628 philnm,
358 3558 434 3609 trium
459 3555 580 3609 librorum
601 3554 632 3608 etl
651 3556 803 3621 Autolycum
825 3557 968 3620 auctorem,
989 3568 1040 3605 non
1066 3555 1145 3607 inisse
1164 3553 1232 3607 illum
1249 3554 1334 3607 Theo-

223 3640 319 3710 phllnm
340 3639 370 3693 ai
389 3654 464 3707 quem
481 3639 514 3692 l).
533 3639 617 3692 Lucas
642 3638 705 3692 ‹luos
730 3639 761 3690 do
786 3639 837 3691 vitu
862 3637 982 3690 etratus
1000 3637 1081 3704 gestis
1101 3639 1197 3692 christi
1217 3643 1243 3691 et
1261 3639 1333 3706 Apo·

223 3724 348 3778 stolorum
373 3724 452 3777 libros
479 3723 632 3791 scripserit“
659 3729 708 3777 etc.
752 3723 792 3775 ct.
820 3721 934 3774 lotch.
961 3721 1065 3773 llenr.
1094 3722 1333 3776 Ostcrmcier:

221 3808 346 3864 stromat.
366 3806 453 3860 theoll.
474 3807 573 3859 selectt.
594 3821 627 3859 ex
643 3807 717 3861 libris
733 3804 868 3874 Theophili
881 3805 943 3858 Ant.
955 3807 985 3859 at
999 3805 1087 3858 Antei.
1100 3807 1130 3859 P.
1144 3807 1171 3859 l:
1191 3807 1334 3861 miscellan.

222 3893 367 3947 Luhoccns.
387 3891 442 3943 Vol.
460 3890 608 3957 Ill-(Rost.
630 3893 657 3943 ct
673 3889 764 3943 Wism.
784 3887 865 3956 1760)
884 3903 908 3957 p.
928 3887 1075 3954 114-164,
1093 3895 1120 3944 st
1139 3891 1230 3944 Patr.
1249 3892 1334 3946 l’as-

224 3980 320 4046 quet:
344 3975 420 4029 Emai
445 3988 489 4027 sur
512 3973 551 4027 les
577 3975 641 4027 trois
666 3974 743 4027 liures
762 3973 776 4025 l
794 3972 935 4039 Autolycus
959 3973 989 4026 tle
1008 3973 1148 4045 Theophila
1171 3976 1334 4030 d’Antioche.

223 4063 333 4129 Argunt.
350 4058 428 4115 1857.

292 4145 337 4214 ¹¹⁸⁸)
364 4144 404 4198 ci.
422 4140 633 4209 lllg-ltlletlner.
662 4143 821 4211 zeitschrift
844 4142 866 4212 ff.
894 4145 920 4197 d.
943 4144 1036 4197 histor.
1058 4143 1200 4212 Theclopic
1227 4143 1333 4212 (Goth.)

224 4224 302 4282 1859.
319 4228 393 4283 Fero.
413 4226 439 4280 4.
457 4240 482 4295 p.
502 4223 562 4279 617.
