2836 4852
412 273 479 335 Ali
493 274 738 335 AUTOLYCUM
759 273 837 335 Lie.
859 272 901 332 il.¹
1151 267 1212 375 ilii

147 446 295 505 Adonidis
316 452 469 523 serpentes
494 463 583 505 onnes
604 444 702 524 seles,'
721 448 835 512 insoni,

154 554 298 615 Voluores
319 573 439 634 quomse
461 553 564 614 colitis
587 561 617 613 et
638 553 765 632 reptilia
788 553 933 612 animolio
956 561 1055 614 terroe

147 664 190 724 Et
212 663 354 742 lapideus
376 670 494 722 stainos
516 672 544 722 et
569 661 732 722 simulacre
755 682 845 722 monn
864 666 972 742 foetu,

146 773 188 832 Et
211 775 244 831 in
266 774 321 831 viis
344 771 483 850 lepidum
506 791 647 831 acervos:
662 771 747 831 *iaec
768 772 908 832 odoratis

146 882 189 943 Et
212 901 290 941 nosen
312 880 375 940 olio
398 880 509 948 uenite,
533 901 609 961 ῳιιιο
631 880 678 940 nel
699 879 859 960 appellere
882 889 971 959 turpe
993 892 1046 940 est.

147 991 225 1051 Sunt
248 991 325 1049 enim
348 989 381 1048 iu'
404 990 451 1048 dii
474 989 624 1050 dominnm
647 989 825 1067 deceptores
846 988 1024 1049 stultorum:

147 1099 265 1158 Horum
288 1117 328 1157 ece
350 1119 402 1158 ore
422 1098 566 1177 funditur
588 1098 679 1158 letale
699 1117 849 1158 venenum.

150 1205 240 1266 Cuius
261 1226 331 1265 nero
351 1214 400 1266 esd
417 1209 481 1267 nito
503 1216 532 1268 et
554 1209 736 1285 inoormepto
760 1208 945 1286 sempiterno
969 1206 1040 1276 lnce,

150 1315 268 1394 Quique
290 1314 377 1376 cleriei
398 1316 486 1376 melle
508 1315 677 1376 dulciorem
701 1314 868 1375 homiuibus
892 1315 1041 1376 laetitiam

145 1423 276 1490 Fundit,
301 1423 370 1482 linio
392 1431 515 1502 oportet
537 1423 759 1484 solieemioem
781 1425 920 1503 flectere,

146 1531 189 1590 Ei
213 1533 291 1590 oium
313 1533 346 1589 in
364 1533 428 1608 piis
449 1531 578 1591 seeenlis
600 1531 756 1591 inclinare.

148 1639 237 1698 Haeo
259 1641 360 1698 omnin
380 1637 597 1717 relinquentes,
621 1641 757 1699 iustitiae
776 1639 901 1717 plenum
919 1641 1079 1718 poculum,

151 1748 280 1815 Petrum,
302 1750 415 1826 fortes
423 1766 576 1825 pressum,
600 1767 661 1807 non
684 1756 899 1826 temperatum,

154 1856 307 1916 Promistis
329 1855 538 1936 impendentia
561 1864 590 1913 et
612 1857 725 1914 omenti
745 1858 858 1935 spiritu
880 1847 997 1928 omnes‚·

107 2051 150 2103 Sie
169 2049 248 2103 Gesn.
269 2065 385 2118 queque,
405 2065 511 2117 quocum
534 2052 597 2103 Due,
616 2054 642 2102 et
678 2067 766 2104 versus
802 2052 928 2118 (Friedds
962 2058 1041 2120 „pest
1072 2053 1213 2124 ἑκκροχέει

106 2135 172 2186 Mor·
192 2136 300 2200 iaciunt,
319 2137 351 2186 iia
370 2140 467 2200 temen,
487 2138 515 2185 ut
534 2150 579 2202 pro
599 2133 641 2187 in·
678 2137 791 2203 suppleri
810 2143 896 2204 petest
913 2140 1061 2207 λοιβας“),
1088 2144 1133 2195 sed
1152 2146 1214 2196 reii-

107 2217 217 2286 προχέει
243 2219 355 2270 seribant
381 2215 515 2286 ἐκπροχὲη
545 2219 642 2284 (sines
679 2237 725 2287 qua
746 2227 816 2273 recte
836 2225 937 2274 omnino
956 2239 984 2275 se
1002 2226 1112 2278 habenis
1139 2244 1214 2293 „nem

107 2305 228 2371 subeon).
265 2304 643 2356 &consumentium
679 2303 713 2373 δὴ
742 2312 768 2358 ei
793 2307 838 2360 δεῖ
860 2307 925 2359 idem
957 2314 1061 2375 sonant,
1089 2313 1215 2381 scripture

105 2391 181 2456 pho,
209 2391 259 2442 nisi
288 2389 355 2456 qued
378 2393 486 2456 uterque
510 2385 644 2456 ἐκποοχὲῳ
679 2394 761 2442 autem
780 2391 973 2459 virdiiierunt;
992 2410 1039 2447 nec
1056 2398 1215 2449 maiusmui-

109 2477 177 2540 (eum
198 2492 209 2526 ι
228 2475 338 2540 subscr.)
365 2474 454 2525 offeret
472 2476 498 2524 et
516 2473 642 2538 Humphr.
680 2481 705 2527 to
724 2476 860 2528 discrimen
887 2477 955 2528 inter
974 2485 1221 2546 saumariorum

108 2555 427 2625 trentesiste-vot).
446 2556 643 2610 redieritne:
678 2579 755 2622 ποει,
783 2557 933 2612 οἷνοικλινοι
959 2566 984 2612 et
1004 2558 1159 2616 dedentium:
1182 2564 1215 2616 d-

107 2640 281 2711 'Ennooxe'ss'
308 2644 353 2696 δεῖ
375 2645 414 2710 τῷ
433 2639 463 2694 δὲ
481 2639 558 2710 μόνῳ
576 2638 644 2701 rosis
680 2646 735 2696 nale
763 2649 845 2696 autem
872 2664 889 2696 ν
915 2660 991 2714 saepe
1020 2647 1101 2698 emitti
1128 2653 1215 2703 notum

108 2730 172 2796 (sie)
200 2724 306 2794 αὐχένα
333 2722 489 2795 κάμπτειν,
517 2724 573 2778 Καὶ
680 2735 727 2795 est,
745 2729 897 2795 praesertim
916 2729 941 2780 in
961 2730 1032 2782 codd.
1050 2732 1141 2785 unciali
1155 2735 1221 2787 eha-¹

108 2811 277 2867 όνακλίνειν.
322 2812 375 2866 Sed
399 2826 445 2879 pre
472 2809 539 2871 νοός
565 2811 642 2862 Woli.
680 2818 778 2864 restore
796 2812 907 2878 scriptis,
926 2812 1171 2885 deficientespsti03
1190 2824 1216 2870 et

107 2899 194 2951 maliet
219 2899 307 2964 legere
334 2893 385 2949 τόν
409 2892 432 2962 μ’
460 2902 487 2948 et
510 2898 536 2948 in
563 2896 644 2946 sidero
679 2897 850 2949 tumis'nsela
877 2900 1022 2952 transversa
1047 2904 1128 2954 veroli
1154 2905 1216 2958 ulti-

106 2999 183 3037 versu
203 2980 363 3046 deveniunt,
390 2987 420 3034 ut
438 2983 565 3034 continent
583 2994 644 3047 pro·
680 2997 734 3034 mae
752 2982 847 3050 imponi
865 2982 939 3046 solet,
960 2984 1026 3036 unde
1045 2985 1153 3040 tortasse
1171 2992 1226 3041 scd·

107 3069 255 3120 missionem
279 3067 375 3135 amplae
401 3066 543 3132 mercedis,
570 3080 644 3133 quem
680 3071 768 3119 cenius
792 3068 840 3118 iste
866 3069 892 3119 iu
910 3063 1085 3122 oinuuieroi.“
1120 3073 1217 3126 Reddi-

107 3156 285 3219 reoertaturus
311 3153 345 3204 sit
362 3154 385 3205 is
402 3153 446 3219 qui
470 3151 516 3204 deo
537 3164 597 3203 vere
616 3165 644 3200 se
680 3152 717 3204 dit
742 3150 853 3203 Friedi.:
881 3153 958 3216 „Und
982 3155 1041 3220 geis'
1060 3157 1104 3208 aui
1120 3158 1217 3224 Wegen

109 3239 281 3291 submissurus
293 3239 336 3290 sii.
363 3239 429 3291 Mer.
448 3235 644 3289 commendarit:
681 3237 770 3288 einher
788 3234 829 3288 die
844 3237 956 3301 gebelini
970 3239 1026 3291 sind
1041 3255 1092 3291 zur>
1102 3241 1157 3293 Zeii
1172 3242 1218 3295 der

109 3320 285 3390 ’Ennooziru
304 3319 395 3390 τούτῳ
411 3318 441 3374 δὲ
459 3317 536 3390 μόνῳ
555 3319 605 3372 τόν
622 3317 645 3385 μ’
681 3321 854 3373 dormiisse

109 3404 212 3476 αόχὲνοι
229 3406 354 3476 uniusne,
380 3406 436 3460 not
453 3419 462 3458 ’.
478 3436 487 3457 .«
504 3444 510 3457 .
529 3402 646 3457 dosun-
748 3405 791 3458 58.
815 3405 917 3472 μεστόν
936 3400 982 3475 τό]
1011 3408 1075 3460 Feli.
1096 3415 1121 3463 ei
1142 3412 1218 3465 Wolf.

110 3512 179 3556 νοις.
215 3495 339 3562 Humphr.
359 3491 494 3558 legendum
512 3491 644 3557 opinatur:
681 3488 782 3540 Castori
800 3487 902 3556 μεστόν
921 3509 960 3554 τε,
979 3496 1008 3543 ui
1024 3494 1086 3545 Ven.
1105 3499 1131 3547 et
1144 3487 1217 3550 Redi.

107 3575 273 3647 Ἐκποοχέῃ,
299 3579 337 3647 τῳ
364 3574 400 3644 δή
427 3572 460 3629 oi
485 3573 563 3644 μόνῳ
582 3572 646 3626 rior
749 3572 791 3625 59.
824 3567 1051 3643 μόόόικρητον]
1087 3578 1160 3630 wolf.
1191 3585 1218 3632 ei

53 3702 54 3705 ι
110 3659 215 3731 odrina
232 3660 350 3729 κόμποι,
369 3661 427 3714 Καὶ
505 3653 645 3712 deduius.
681 3658 823 3725 Humpiir.;
848 3653 924 3724 μόλοι
953 3651 1076 3726 ἄκρητον
1101 3663 1218 3718 doliu

108 3749 195 3815 Lege,
215 3750 236 3802 si
255 3749 338 3815 sepis,
366 3747 507 3799 certissime
526 3745 646 3798 emendo·
681 3743 763 3808 diar.;
780 3739 857 3806 nitu
869 3744 1040 3808 κρατοῦντες
1058 3745 1138 3799 Geso.
1152 3749 1228 3802 diue·

109 3835 187 3901 tione,
207 3849 282 3902 quam
296 3834 430 3901 Opsopeeo
444 3830 572 3892 debemus,
592 3843 647 3880 eum
682 3826 762 3892 Mor-3
779 3821 967 3893 udienousoiu
986 3829 1050 3896 (sie)
1070 3832 1147 3895 νικος
1163 3829 1220 3898 μό-

109 3919 186 3972 Aiex.
208 3923 234 3970 et
251 3918 347 3970 Friedi.
371 3919 441 3968 iuxta
467 3913 578 3966 codicum
604 3927 648 3964 re·
683 3913 717 3963 iu
734 3913 846 3975 κρατῶν
864 3912 939 3964 Bedl.

109 4002 199 4069 stigia:
227 3999 403 4069 Ἐκπροχέει,
433 3999 471 4066 τῷ
498 3999 543 4054 δεῖ
570 3992 647 4064 μόνῳ
751 3994 793 4048 60.
815 3992 1005 4067 durissimum]
1026 3999 1088 4050 Ven.
1104 3995 1130 4048 et
1145 3997 1219 4052 Bedi.

111 4081 215 4152 ον’χένοι
233 4082 380 4154 κάμπτειν,
400 4081 457 4137 not
536 4077 648 4134 doontt-
684 4074 840 4150 οῑῳροοόνῳ.
875 4083 939 4136 liem
964 4083 1045 4137 Gesn.
1071 4083 1135 4134 Due.
1152 4083 1228 4137 Mero

111 4187 179 4224 νειν.
216 4170 326 4224 ciendos
341 4170 453 4238 'quidem
472 4168 649 4235 mnneiprior
684 4165 735 4218 Sed
747 4165 781 4218 ita
793 4182 883 4220 versus
896 4169 944 4221 sibi
958 4184 1009 4221 non
1023 4171 1128 4220 constat
1153 4167 1230 4226 Dein.
