<?xml version="1.0" encoding="UTF-8"?>
<!DOCTYPE html PUBLIC "-//W3C//DTD XHTML 1.0 Transitional//EN"
    "http://www.w3.org/TR/xhtml1/DTD/xhtml1-transitional.dtd">
<html xmlns="http://www.w3.org/1999/xhtml" xml:lang="en" lang="en">
 <head>
  <title>
</title>
<meta http-equiv="Content-Type" content="text/html;charset=utf-8" />
  <meta name='ocr-system' content='tesseract 3.04.00' />
  <meta name='ocr-capabilities' content='ocr_page ocr_carea ocr_par ocr_line ocrx_word'/>
</head>
<body>
  <div class='ocr_page' id='page_1' title='image "./corpusapologeta00unkngoog_0386.png"; bbox 0 0 2836 4852; ppageno 0'>
   <div class='ocr_carea' id='block_1_1' title="bbox 461 258 1262 325">
    <p class='ocr_par' dir='ltr' id='par_1_1' title="bbox 461 258 1262 325">
     <span class='ocr_line' id='line_1_1' title="bbox 461 258 1262 325; baseline 0.009 -7"><span class='ocrx_word' id='word_1_1' title='bbox 461 259 517 319; x_wconf 82' lang='lat' dir='ltr'>Al)</span> <span class='ocrx_word' id='word_1_2' title='bbox 540 258 785 320; x_wconf 71' lang='lat' dir='ltr'>duronicum</span> <span class='ocrx_word' id='word_1_3' title='bbox 806 260 882 321; x_wconf 80' lang='lat' dir='ltr'>Llll.</span> <span class='ocrx_word' id='word_1_4' title='bbox 906 261 957 322; x_wconf 81' lang='lat' dir='ltr'>lit</span> <span class='ocrx_word' id='word_1_5' title='bbox 1199 259 1262 325; x_wconf 80' lang='grc'>261</span> 
     </span>
    </p>
   </div>
   <div class='ocr_carea' id='block_1_2' title="bbox 153 428 1264 834">
    <p class='ocr_par' dir='ltr' id='par_1_2' title="bbox 153 428 1264 834">
     <span class='ocr_line' id='line_1_2' title="bbox 154 428 1264 513; baseline 0.005 -25"><span class='ocrx_word' id='word_1_6' title='bbox 154 444 287 504; x_wconf 89' lang='lat' dir='ltr'>perans,</span> <span class='ocrx_word' id='word_1_7' title='bbox 316 428 475 488; x_wconf 89' lang='lat' dir='ltr'>mandavit</span> <span class='ocrx_word' id='word_1_8' title='bbox 496 428 671 490; x_wconf 89' lang='lat' dir='ltr'>Sabessaro</span> <span class='ocrx_word' id='word_1_9' title='bbox 692 434 724 491; x_wconf 90' lang='lat' dir='ltr'>et</span> <span class='ocrx_word' id='word_1_10' title='bbox 742 429 933 513; x_wconf 85' lang='lat' dir='ltr'>Mithridati,</span> <span class='ocrx_word' id='word_1_11' title='bbox 966 431 1158 491; x_wconf 89' lang='lat' dir='ltr'>satellitibus</span> <span class='ocrx_word' id='word_1_12' title='bbox 1186 434 1264 510; x_wconf 84' lang='lat' dir='ltr'>suis,</span> 
     </span>
     <span class='ocr_line' id='line_1_3' title="bbox 154 537 1264 614; baseline 0.004 -18"><span class='ocrx_word' id='word_1_13' title='bbox 154 543 190 596; x_wconf 91' lang='lat' dir='ltr'>ut</span> <span class='ocrx_word' id='word_1_14' title='bbox 211 555 289 597; x_wconf 91' lang='lat' dir='ltr'>vasa</span> <span class='ocrx_word' id='word_1_15' title='bbox 313 555 352 596; x_wconf 84' lang='lat' dir='ltr'>ex</span> <span class='ocrx_word' id='word_1_16' title='bbox 374 539 492 614; x_wconf 90' lang='lat' dir='ltr'>templo</span> <span class='ocrx_word' id='word_1_17' title='bbox 525 537 660 598; x_wconf 83' lang='lat' dir='ltr'>Iudaeae</span> <span class='ocrx_word' id='word_1_18' title='bbox 689 557 708 597; x_wconf 91' lang='lat' dir='ltr'>a</span> <span class='ocrx_word' id='word_1_19' title='bbox 730 539 1042 599; x_wconf 90' lang='lat' dir='ltr'>Nabuchodonosoro</span> <span class='ocrx_word' id='word_1_20' title='bbox 1072 540 1180 600; x_wconf 89' lang='lat' dir='ltr'>ablata</span> <span class='ocrx_word' id='word_1_21' title='bbox 1208 558 1264 601; x_wconf 91' lang='lat' dir='ltr'>ro-</span> 
     </span>
     <span class='ocr_line' id='line_1_4' title="bbox 154 646 1261 727; baseline 0.005 -23"><span class='ocrx_word' id='word_1_22' title='bbox 154 646 322 706; x_wconf 92' lang='lat' dir='ltr'>stituerent</span> <span class='ocrx_word' id='word_1_23' title='bbox 352 649 385 704; x_wconf 92' lang='lat' dir='ltr'>et</span> <span class='ocrx_word' id='word_1_24' title='bbox 414 650 607 723; x_wconf 79' lang='lat' dir='ltr'>reponerent</span> <span class='ocrx_word' id='word_1_25' title='bbox 638 649 669 705; x_wconf 93' lang='lat' dir='ltr'>in</span> <span class='ocrx_word' id='word_1_26' title='bbox 698 650 825 724; x_wconf 89' lang='lat' dir='ltr'>templo.</span> <span class='ocrx_word' id='word_1_27' title='bbox 876 648 967 706; x_wconf 87' lang='lat' dir='ltr'>Anno</span> <span class='ocrx_word' id='word_1_28' title='bbox 999 648 1094 727; x_wconf 85' lang='lat' dir='ltr'>igitur</span> <span class='ocrx_word' id='word_1_29' title='bbox 1124 652 1261 711; x_wconf 90' lang='lat' dir='ltr'>secundo</span> 
     </span>
     <span class='ocr_line' id='line_1_5' title="bbox 153 753 1261 834; baseline 0.008 -23"><span class='ocrx_word' id='word_1_30' title='bbox 153 753 243 813; x_wconf 90' lang='lat' dir='ltr'>Darii</span> <span class='ocrx_word' id='word_1_31' title='bbox 265 757 460 832; x_wconf 79' lang='lat' dir='ltr'>complentur</span> <span class='ocrx_word' id='word_1_32' title='bbox 488 758 559 815; x_wconf 90' lang='lat' dir='ltr'>anni</span> <span class='ocrx_word' id='word_1_33' title='bbox 582 756 630 815; x_wconf 92' lang='lat' dir='ltr'>illi</span> <span class='ocrx_word' id='word_1_34' title='bbox 652 758 870 833; x_wconf 83' lang='lat' dir='ltr'>septuaginta,</span> <span class='ocrx_word' id='word_1_35' title='bbox 898 774 916 814; x_wconf 96' lang='lat' dir='ltr'>a</span> <span class='ocrx_word' id='word_1_36' title='bbox 939 755 1071 815; x_wconf 86' lang='lat' dir='ltr'>Ieremia</span> <span class='ocrx_word' id='word_1_37' title='bbox 1093 760 1261 834; x_wconf 77' lang='lat' dir='ltr'>praedicti.</span> 
     </span>
    </p>
   </div>
   <div class='ocr_carea' id='block_1_3' title="bbox 152 976 1281 2899">
    <p class='ocr_par' dir='ltr' id='par_1_3' title="bbox 152 976 1281 2899">
     <span class='ocr_line' id='line_1_6' title="bbox 240 976 1260 1054; baseline 0.002 -20"><span class='ocrx_word' id='word_1_38' title='bbox 240 978 289 1034; x_wconf 82' lang='lat'>26.</span> <span class='ocrx_word' id='word_1_39' title='bbox 320 976 396 1036; x_wconf 91' lang='lat' dir='ltr'>llinc</span> <span class='ocrx_word' id='word_1_40' title='bbox 418 979 601 1054; x_wconf 80' lang='lat' dir='ltr'>perspicere</span> <span class='ocrx_word' id='word_1_41' title='bbox 632 979 706 1038; x_wconf 88' lang='lat' dir='ltr'>licet</span> <span class='ocrx_word' id='word_1_42' title='bbox 735 978 891 1053; x_wconf 90' lang='lat' dir='ltr'>quomodo</span> <span class='ocrx_word' id='word_1_43' title='bbox 921 977 1115 1052; x_wconf 81' lang='lat' dir='ltr'>antiquiores</span> <span class='ocrx_word' id='word_1_44' title='bbox 1145 980 1178 1036; x_wconf 93' lang='lat' dir='ltr'>et</span> <span class='ocrx_word' id='word_1_45' title='bbox 1201 994 1260 1036; x_wconf 90' lang='lat' dir='ltr'>ve·</span> 
     </span>
     <span class='ocr_line' id='line_1_7' title="bbox 153 1085 1259 1162; baseline 0.002 -20"><span class='ocrx_word' id='word_1_46' title='bbox 153 1085 256 1143; x_wconf 90' lang='lat' dir='ltr'>riores</span> <span class='ocrx_word' id='word_1_47' title='bbox 284 1086 536 1145; x_wconf 87' lang='lat' dir='ltr'>demonstrentur</span> <span class='ocrx_word' id='word_1_48' title='bbox 565 1103 674 1146; x_wconf 87' lang='lat' dir='ltr'>sacrae</span> <span class='ocrx_word' id='word_1_49' title='bbox 704 1087 788 1162; x_wconf 91' lang='lat' dir='ltr'>apud</span> <span class='ocrx_word' id='word_1_50' title='bbox 815 1102 873 1145; x_wconf 92' lang='lat' dir='ltr'>nos</span> <span class='ocrx_word' id='word_1_51' title='bbox 896 1087 1009 1145; x_wconf 90' lang='lat' dir='ltr'>literae</span> <span class='ocrx_word' id='word_1_52' title='bbox 1031 1103 1122 1162; x_wconf 90' lang='lat' dir='ltr'>quam</span> <span class='ocrx_word' id='word_1_53' title='bbox 1144 1087 1259 1146; x_wconf 87' lang='lat' dir='ltr'>literae</span> 
     </span>
     <span class='ocr_line' id='line_1_8' title="bbox 154 1193 1264 1272; baseline 0.004 -21"><span class='ocrx_word' id='word_1_54' title='bbox 154 1195 237 1269; x_wconf 91' lang='lat' dir='ltr'>apud</span> <span class='ocrx_word' id='word_1_55' title='bbox 261 1193 399 1254; x_wconf 86' lang='lat' dir='ltr'>Graecos</span> <span class='ocrx_word' id='word_1_56' title='bbox 421 1196 454 1253; x_wconf 92' lang='lat' dir='ltr'>et</span> <span class='ocrx_word' id='word_1_57' title='bbox 477 1194 669 1272; x_wconf 76' lang='lat' dir='ltr'>Aegyptios,</span> <span class='ocrx_word' id='word_1_58' title='bbox 701 1196 755 1254; x_wconf 88' lang='lat' dir='ltr'>vel</span> <span class='ocrx_word' id='word_1_59' title='bbox 778 1196 805 1252; x_wconf 84' lang='lat' dir='ltr'>si</span> <span class='ocrx_word' id='word_1_60' title='bbox 827 1198 860 1252; x_wconf 89' lang='lat' dir='ltr'>et</span> <span class='ocrx_word' id='word_1_61' title='bbox 883 1196 1031 1269; x_wconf 92' lang='lat' dir='ltr'>quosdam</span> <span class='ocrx_word' id='word_1_62' title='bbox 1053 1197 1134 1255; x_wconf 86' lang='lat' dir='ltr'>alios</span> <span class='ocrx_word' id='word_1_63' title='bbox 1154 1194 1264 1255; x_wconf 79' lang='lat' dir='ltr'>histo-¹</span> 
     </span>
     <span class='ocr_line' id='line_1_9' title="bbox 153 1302 1261 1380; baseline -0.001 -19"><span class='ocrx_word' id='word_1_64' title='bbox 153 1304 220 1361; x_wconf 91' lang='lat' dir='ltr'>riae</span> <span class='ocrx_word' id='word_1_65' title='bbox 252 1305 425 1380; x_wconf 81' lang='lat' dir='ltr'>scriptores</span> <span class='ocrx_word' id='word_1_66' title='bbox 456 1304 581 1362; x_wconf 85' lang='lat' dir='ltr'>afferas.</span> <span class='ocrx_word' id='word_1_67' title='bbox 625 1303 774 1377; x_wconf 88' lang='lat' dir='ltr'>Plerique</span> <span class='ocrx_word' id='word_1_68' title='bbox 806 1305 902 1380; x_wconf 92' lang='lat' dir='ltr'>enim,</span> <span class='ocrx_word' id='word_1_69' title='bbox 932 1305 1002 1363; x_wconf 87' lang='lat' dir='ltr'>sive</span> <span class='ocrx_word' id='word_1_70' title='bbox 1024 1302 1204 1363; x_wconf 86' lang='lat' dir='ltr'>Herodotus</span> <span class='ocrx_word' id='word_1_71' title='bbox 1227 1305 1261 1360; x_wconf 90' lang='lat' dir='ltr'>et</span> 
     </span>
     <span class='ocr_line' id='line_1_10' title="bbox 154 1408 1260 1488; baseline 0.001 -19"><span class='ocrx_word' id='word_1_72' title='bbox 154 1408 367 1488; x_wconf 84' lang='lat' dir='ltr'>Thucydides,</span> <span class='ocrx_word' id='word_1_73' title='bbox 396 1414 465 1471; x_wconf 89' lang='lat' dir='ltr'>sive</span> <span class='ocrx_word' id='word_1_74' title='bbox 494 1413 588 1470; x_wconf 88' lang='lat' dir='ltr'>etiam</span> <span class='ocrx_word' id='word_1_75' title='bbox 610 1409 782 1488; x_wconf 86' lang='lat' dir='ltr'>Xenophon</span> <span class='ocrx_word' id='word_1_76' title='bbox 813 1415 845 1470; x_wconf 90' lang='lat' dir='ltr'>et</span> <span class='ocrx_word' id='word_1_77' title='bbox 868 1412 990 1469; x_wconf 86' lang='lat' dir='ltr'>omnino</span> <span class='ocrx_word' id='word_1_78' title='bbox 1013 1413 1132 1472; x_wconf 89' lang='lat' dir='ltr'>caeteri</span> <span class='ocrx_word' id='word_1_79' title='bbox 1156 1412 1260 1471; x_wconf 89' lang='lat' dir='ltr'>histo-</span> 
     </span>
     <span class='ocr_line' id='line_1_11' title="bbox 153 1518 1260 1596; baseline 0.001 -17"><span class='ocrx_word' id='word_1_80' title='bbox 153 1522 220 1579; x_wconf 89' lang='lat' dir='ltr'>riae</span> <span class='ocrx_word' id='word_1_81' title='bbox 243 1522 425 1595; x_wconf 89' lang='lat' dir='ltr'>scriptores‚</span> <span class='ocrx_word' id='word_1_82' title='bbox 448 1520 567 1578; x_wconf 88' lang='lat' dir='ltr'>initium</span> <span class='ocrx_word' id='word_1_83' title='bbox 590 1518 659 1576; x_wconf 86' lang='lat' dir='ltr'>fere</span> <span class='ocrx_word' id='word_1_84' title='bbox 681 1520 837 1578; x_wconf 89' lang='lat' dir='ltr'>scribendi</span> <span class='ocrx_word' id='word_1_85' title='bbox 863 1536 881 1577; x_wconf 89' lang='lat' dir='ltr'>a</span> <span class='ocrx_word' id='word_1_86' title='bbox 900 1518 976 1596; x_wconf 85' lang='lat' dir='ltr'>Cyri</span> <span class='ocrx_word' id='word_1_87' title='bbox 999 1523 1032 1577; x_wconf 93' lang='lat' dir='ltr'>et</span> <span class='ocrx_word' id='word_1_88' title='bbox 1053 1520 1141 1579; x_wconf 88' lang='lat' dir='ltr'>Darii</span> <span class='ocrx_word' id='word_1_89' title='bbox 1160 1536 1260 1596; x_wconf 82' lang='lat' dir='ltr'>regno</span> 
     </span>
     <span class='ocr_line' id='line_1_12' title="bbox 154 1627 1259 1704; baseline 0.004 -20"><span class='ocrx_word' id='word_1_90' title='bbox 154 1627 315 1703; x_wconf 83' lang='lat' dir='ltr'>fecerunt,</span> <span class='ocrx_word' id='word_1_91' title='bbox 350 1644 442 1702; x_wconf 90' lang='lat' dir='ltr'>quum</span> <span class='ocrx_word' id='word_1_92' title='bbox 473 1631 512 1686; x_wconf 94' lang='lat' dir='ltr'>de</span> <span class='ocrx_word' id='word_1_93' title='bbox 544 1627 680 1701; x_wconf 88' lang='lat' dir='ltr'>antiquis</span> <span class='ocrx_word' id='word_1_94' title='bbox 711 1630 744 1685; x_wconf 91' lang='lat' dir='ltr'>et</span> <span class='ocrx_word' id='word_1_95' title='bbox 773 1627 931 1703; x_wconf 88' lang='lat' dir='ltr'>prioribus</span> <span class='ocrx_word' id='word_1_96' title='bbox 961 1627 1154 1704; x_wconf 81' lang='lat' dir='ltr'>tempor-ihus</span> <span class='ocrx_word' id='word_1_97' title='bbox 1183 1627 1259 1688; x_wconf 94' lang='lat' dir='ltr'>nihil</span> 
     </span>
     <span class='ocr_line' id='line_1_13' title="bbox 153 1734 1260 1813; baseline 0.004 -20"><span class='ocrx_word' id='word_1_98' title='bbox 153 1738 286 1813; x_wconf 90' lang='lat' dir='ltr'>possent</span> <span class='ocrx_word' id='word_1_99' title='bbox 312 1739 458 1795; x_wconf 88' lang='lat' dir='ltr'>accurate</span> <span class='ocrx_word' id='word_1_100' title='bbox 487 1736 602 1794; x_wconf 88' lang='lat' dir='ltr'>dicere.</span> <span class='ocrx_word' id='word_1_101' title='bbox 647 1736 726 1803; x_wconf 81' lang='lat' dir='ltr'>Quid</span> <span class='ocrx_word' id='word_1_102' title='bbox 757 1737 836 1794; x_wconf 92' lang='lat' dir='ltr'>enim</span> <span class='ocrx_word' id='word_1_103' title='bbox 864 1738 965 1812; x_wconf 83' lang='lat' dir='ltr'>magni</span> <span class='ocrx_word' id='word_1_104' title='bbox 995 1737 1142 1798; x_wconf 86' lang='lat' dir='ltr'>dixerunt</span> <span class='ocrx_word' id='word_1_105' title='bbox 1171 1739 1197 1797; x_wconf 90' lang='lat' dir='ltr'>si</span> <span class='ocrx_word' id='word_1_106' title='bbox 1220 1734 1260 1797; x_wconf 82' lang='lat' dir='ltr'>do</span> 
     </span>
     <span class='ocr_line' id='line_1_14' title="bbox 152 1843 1260 1921; baseline 0.003 -20"><span class='ocrx_word' id='word_1_107' title='bbox 152 1843 249 1902; x_wconf 83' lang='lat' dir='ltr'>Dario</span> <span class='ocrx_word' id='word_1_108' title='bbox 267 1847 299 1902; x_wconf 90' lang='lat' dir='ltr'>et</span> <span class='ocrx_word' id='word_1_109' title='bbox 315 1843 400 1921; x_wconf 87' lang='lat' dir='ltr'>Cyro</span> <span class='ocrx_word' id='word_1_110' title='bbox 416 1844 546 1920; x_wconf 86' lang='lat' dir='ltr'>regibus</span> <span class='ocrx_word' id='word_1_111' title='bbox 570 1845 653 1919; x_wconf 87' lang='lat' dir='ltr'>apud</span> <span class='ocrx_word' id='word_1_112' title='bbox 669 1844 823 1904; x_wconf 86' lang='lat' dir='ltr'>barbaros</span> <span class='ocrx_word' id='word_1_113' title='bbox 840 1846 1045 1920; x_wconf 90' lang='lat' dir='ltr'>scripserunt,</span> <span class='ocrx_word' id='word_1_114' title='bbox 1068 1849 1122 1906; x_wconf 88' lang='lat' dir='ltr'>aut</span> <span class='ocrx_word' id='word_1_115' title='bbox 1138 1847 1176 1904; x_wconf 91' lang='lat' dir='ltr'>de</span> <span class='ocrx_word' id='word_1_116' title='bbox 1195 1846 1260 1905; x_wconf 88' lang='lat' dir='ltr'>Zo-</span> 
     </span>
     <span class='ocr_line' id='line_1_15' title="bbox 152 1951 1259 2030; baseline 0.002 -19"><span class='ocrx_word' id='word_1_117' title='bbox 152 1969 234 2030; x_wconf 91' lang='lat' dir='ltr'>pyro</span> <span class='ocrx_word' id='word_1_118' title='bbox 252 1955 284 2011; x_wconf 89' lang='lat' dir='ltr'>et</span> <span class='ocrx_word' id='word_1_119' title='bbox 299 1952 414 2029; x_wconf 88' lang='lat' dir='ltr'>Hippia</span> <span class='ocrx_word' id='word_1_120' title='bbox 435 1953 520 2027; x_wconf 89' lang='lat' dir='ltr'>apud</span> <span class='ocrx_word' id='word_1_121' title='bbox 543 1951 690 2027; x_wconf 83' lang='lat' dir='ltr'>Graecos,</span> <span class='ocrx_word' id='word_1_122' title='bbox 713 1957 767 2012; x_wconf 86' lang='lat' dir='ltr'>aut</span> <span class='ocrx_word' id='word_1_123' title='bbox 787 1954 826 2012; x_wconf 90' lang='lat' dir='ltr'>de</span> <span class='ocrx_word' id='word_1_124' title='bbox 849 1951 1087 2014; x_wconf 88' lang='lat' dir='ltr'>Atheniensium</span> <span class='ocrx_word' id='word_1_125' title='bbox 1109 1956 1141 2012; x_wconf 92' lang='lat' dir='ltr'>et</span> <span class='ocrx_word' id='word_1_126' title='bbox 1156 1953 1259 2013; x_wconf 84' lang='lat' dir='ltr'>Lace·-</span> 
     </span>
     <span class='ocr_line' id='line_1_16' title="bbox 154 2055 1260 2138; baseline -0.001 -16"><span class='ocrx_word' id='word_1_127' title='bbox 154 2063 384 2122; x_wconf 89' lang='lat' dir='ltr'>daemoniorum</span> <span class='ocrx_word' id='word_1_128' title='bbox 404 2061 508 2136; x_wconf 92' lang='lat' dir='ltr'>hellis,</span> <span class='ocrx_word' id='word_1_129' title='bbox 532 2063 586 2120; x_wconf 92' lang='lat' dir='ltr'>aut</span> <span class='ocrx_word' id='word_1_130' title='bbox 608 2062 647 2120; x_wconf 91' lang='lat' dir='ltr'>de</span> <span class='ocrx_word' id='word_1_131' title='bbox 670 2055 764 2120; x_wconf 90' lang='lat' dir='ltr'>rebus</span> <span class='ocrx_word' id='word_1_132' title='bbox 786 2063 886 2138; x_wconf 87' lang='lat' dir='ltr'>gestis</span> <span class='ocrx_word' id='word_1_133' title='bbox 906 2062 1046 2120; x_wconf 86' lang='lat' dir='ltr'>aXcrxe</span> <span class='ocrx_word' id='word_1_134' title='bbox 1069 2064 1123 2121; x_wconf 92' lang='lat' dir='ltr'>aut</span> <span class='ocrx_word' id='word_1_135' title='bbox 1140 2079 1158 2120; x_wconf 87' lang='lat' dir='ltr'>a</span> <span class='ocrx_word' id='word_1_136' title='bbox 1173 2062 1260 2122; x_wconf 87' lang='lat' dir='ltr'>Pau-</span> 
     </span>
     <span class='ocr_line' id='line_1_17' title="bbox 153 2169 1262 2248; baseline -0.002 -17"><span class='ocrx_word' id='word_1_137' title='bbox 153 2172 241 2233; x_wconf 88' lang='lat' dir='ltr'>sania</span> <span class='ocrx_word' id='word_1_138' title='bbox 264 2172 316 2245; x_wconf 91' lang='lat' dir='ltr'>qni</span> <span class='ocrx_word' id='word_1_139' title='bbox 338 2171 368 2229; x_wconf 93' lang='lat' dir='ltr'>in</span> <span class='ocrx_word' id='word_1_140' title='bbox 390 2169 549 2228; x_wconf 86' lang='lat' dir='ltr'>Minervae</span> <span class='ocrx_word' id='word_1_141' title='bbox 579 2170 697 2245; x_wconf 89' lang='lat' dir='ltr'>templo</span> <span class='ocrx_word' id='word_1_142' title='bbox 727 2188 827 2246; x_wconf 84' lang='lat' dir='ltr'>paene</span> <span class='ocrx_word' id='word_1_143' title='bbox 851 2170 933 2230; x_wconf 84' lang='lat' dir='ltr'>fame</span> <span class='ocrx_word' id='word_1_144' title='bbox 957 2173 1087 2230; x_wconf 89' lang='lat' dir='ltr'>necatus</span> <span class='ocrx_word' id='word_1_145' title='bbox 1107 2173 1174 2248; x_wconf 90' lang='lat' dir='ltr'>est,</span> <span class='ocrx_word' id='word_1_146' title='bbox 1206 2172 1262 2231; x_wconf 87' lang='lat' dir='ltr'>aut</span> 
     </span>
     <span class='ocr_line' id='line_1_18' title="bbox 153 2277 1281 2358; baseline -0.002 -20"><span class='ocrx_word' id='word_1_147' title='bbox 153 2281 193 2338; x_wconf 91' lang='lat' dir='ltr'>de</span> <span class='ocrx_word' id='word_1_148' title='bbox 213 2279 421 2338; x_wconf 76' lang='lat' dir='ltr'>Themistocle</span> <span class='ocrx_word' id='word_1_149' title='bbox 443 2283 475 2336; x_wconf 90' lang='lat' dir='ltr'>et</span> <span class='ocrx_word' id='word_1_150' title='bbox 495 2279 582 2337; x_wconf 92' lang='lat' dir='ltr'>bello</span> <span class='ocrx_word' id='word_1_151' title='bbox 604 2279 884 2358; x_wconf 83' lang='lat' dir='ltr'>Peloponnesiaco,</span> <span class='ocrx_word' id='word_1_152' title='bbox 906 2283 961 2340; x_wconf 88' lang='lat' dir='ltr'>aut</span> <span class='ocrx_word' id='word_1_153' title='bbox 982 2281 1021 2339; x_wconf 90' lang='lat' dir='ltr'>de</span> <span class='ocrx_word' id='word_1_154' title='bbox 1041 2277 1206 2339; x_wconf 85' lang='lat' dir='ltr'>Alcibiade</span> <span class='ocrx_word' id='word_1_155' title='bbox 1228 2281 1281 2338; x_wconf 90' lang='lat' dir='ltr'>et·</span> 
     </span>
     <span class='ocr_line' id='line_1_19' title="bbox 154 2385 1262 2464; baseline -0.001 -19"><span class='ocrx_word' id='word_1_156' title='bbox 154 2385 376 2464; x_wconf 62' lang='lat' dir='ltr'>Thrasybulo?</span> <span class='ocrx_word' id='word_1_157' title='bbox 428 2386 536 2461; x_wconf 89' lang='lat' dir='ltr'>Neque</span> <span class='ocrx_word' id='word_1_158' title='bbox 570 2387 649 2444; x_wconf 89' lang='lat' dir='ltr'>enim</span> <span class='ocrx_word' id='word_1_159' title='bbox 680 2387 754 2445; x_wconf 89' lang='lat' dir='ltr'>mihi</span> <span class='ocrx_word' id='word_1_160' title='bbox 780 2389 976 2462; x_wconf 89' lang='lat' dir='ltr'>propositum</span> <span class='ocrx_word' id='word_1_161' title='bbox 1007 2390 1056 2446; x_wconf 92' lang='lat' dir='ltr'>est</span> <span class='ocrx_word' id='word_1_162' title='bbox 1085 2388 1262 2462; x_wconf 91' lang='lat' dir='ltr'>loquaciter</span> 
     </span>
     <span class='ocr_line' id='line_1_20' title="bbox 154 2492 1262 2572; baseline -0.003 -17"><span class='ocrx_word' id='word_1_163' title='bbox 154 2498 255 2556; x_wconf 89' lang='lat' dir='ltr'>omnia</span> <span class='ocrx_word' id='word_1_164' title='bbox 286 2495 449 2572; x_wconf 84' lang='lat' dir='ltr'>persequi,</span> <span class='ocrx_word' id='word_1_165' title='bbox 479 2494 537 2552; x_wconf 90' lang='lat' dir='ltr'>sed</span> <span class='ocrx_word' id='word_1_166' title='bbox 567 2509 714 2552; x_wconf 91' lang='lat' dir='ltr'>annorum</span> <span class='ocrx_word' id='word_1_167' title='bbox 738 2511 755 2553; x_wconf 93' lang='lat' dir='ltr'>a</span> <span class='ocrx_word' id='word_1_168' title='bbox 779 2495 881 2552; x_wconf 90' lang='lat' dir='ltr'>mundi</span> <span class='ocrx_word' id='word_1_169' title='bbox 912 2492 1071 2553; x_wconf 90' lang='lat' dir='ltr'>creatione</span> <span class='ocrx_word' id='word_1_170' title='bbox 1101 2511 1262 2554; x_wconf 90' lang='lat' dir='ltr'>numerum</span> 
     </span>
     <span class='ocr_line' id='line_1_21' title="bbox 154 2603 1260 2679; baseline -0.005 -14"><span class='ocrx_word' id='word_1_171' title='bbox 154 2606 372 2669; x_wconf 83' lang='lat' dir='ltr'>demonstrare</span> <span class='ocrx_word' id='word_1_172' title='bbox 395 2605 427 2662; x_wconf 88' lang='lat' dir='ltr'>ct</span> <span class='ocrx_word' id='word_1_173' title='bbox 449 2618 602 2679; x_wconf 90' lang='lat' dir='ltr'>operosas</span> <span class='ocrx_word' id='word_1_174' title='bbox 624 2603 759 2679; x_wconf 89' lang='lat' dir='ltr'>ineptias</span> <span class='ocrx_word' id='word_1_175' title='bbox 776 2603 962 2677; x_wconf 89' lang='lat' dir='ltr'>scriptorum</span> <span class='ocrx_word' id='word_1_176' title='bbox 978 2617 1121 2679; x_wconf 83' lang='lat' dir='ltr'>arguere,</span> <span class='ocrx_word' id='word_1_177' title='bbox 1145 2603 1260 2677; x_wconf 90' lang='lat' dir='ltr'>quippe</span> 
     </span>
     <span class='ocr_line' id='line_1_22' title="bbox 154 2688 1260 2789; baseline -0.005 -15"><span class='ocrx_word' id='word_1_178' title='bbox 154 2731 246 2789; x_wconf 91' lang='lat' dir='ltr'>quum</span> <span class='ocrx_word' id='word_1_179' title='bbox 268 2729 327 2771; x_wconf 91' lang='lat' dir='ltr'>uec</span> <span class='ocrx_word' id='word_1_180' title='bbox 349 2712 464 2787; x_wconf 83' lang='lat' dir='ltr'>viginti.</span> <span class='ocrx_word' id='word_1_181' title='bbox 483 2711 568 2769; x_wconf 91' lang='lat' dir='ltr'>mille</span> <span class='ocrx_word' id='word_1_182' title='bbox 591 2712 750 2787; x_wconf 87' lang='lat' dir='ltr'>myriades</span> <span class='ocrx_word' id='word_1_183' title='bbox 774 2726 922 2770; x_wconf 90' lang='lat' dir='ltr'>annorum</span> <span class='ocrx_word' id='word_1_184' title='bbox 947 2709 1080 2786; x_wconf 86' lang='lat' dir='ltr'>fuerint,</span> <span class='ocrx_word' id='word_1_185' title='bbox 1112 2688 1145 2768; x_wconf 87' lang='lat' dir='ltr'>ut</span> <span class='ocrx_word' id='word_1_186' title='bbox 1167 2710 1260 2768; x_wconf 91' lang='lat' dir='ltr'>Plato</span> 
     </span>
     <span class='ocr_line' id='line_1_23' title="bbox 154 2820 1262 2899; baseline -0.004 -19"><span class='ocrx_word' id='word_1_187' title='bbox 154 2821 379 2899; x_wconf 90' lang='lat' dir='ltr'>pronuntiavit,</span> <span class='ocrx_word' id='word_1_188' title='bbox 402 2822 434 2877; x_wconf 91' lang='lat' dir='ltr'>et</span> <span class='ocrx_word' id='word_1_189' title='bbox 456 2820 579 2895; x_wconf 91' lang='lat' dir='ltr'>quidem</span> <span class='ocrx_word' id='word_1_190' title='bbox 596 2837 614 2878; x_wconf 92' lang='lat' dir='ltr'>a</span> <span class='ocrx_word' id='word_1_191' title='bbox 631 2820 749 2880; x_wconf 89' lang='lat' dir='ltr'>diluvio</span> <span class='ocrx_word' id='word_1_192' title='bbox 763 2821 803 2879; x_wconf 92' lang='lat' dir='ltr'>ad</span> <span class='ocrx_word' id='word_1_193' title='bbox 821 2834 908 2878; x_wconf 90' lang='lat' dir='ltr'>suam</span> <span class='ocrx_word' id='word_1_194' title='bbox 924 2834 1021 2893; x_wconf 89' lang='lat' dir='ltr'>usque</span> <span class='ocrx_word' id='word_1_195' title='bbox 1037 2821 1174 2878; x_wconf 89' lang='lat' dir='ltr'>aetatem</span> <span class='ocrx_word' id='word_1_196' title='bbox 1190 2821 1262 2878; x_wconf 89' lang='lat' dir='ltr'>tan-</span> 
     </span>
    </p>
   </div>
   <div class='ocr_carea' id='block_1_4' title="bbox 150 3037 1270 4208">
    <p class='ocr_par' dir='ltr' id='par_1_4' title="bbox 154 3037 1263 3443">
     <span class='ocr_line' id='line_1_24' title="bbox 154 3037 1262 3106; baseline -0.004 -15"><span class='ocrx_word' id='word_1_197' title='bbox 154 3040 187 3091; x_wconf 90' lang='lat' dir='ltr'>rii</span> <span class='ocrx_word' id='word_1_198' title='bbox 205 3038 335 3102; x_wconf 82' lang='lat' dir='ltr'>minister,</span> <span class='ocrx_word' id='word_1_199' title='bbox 357 3052 407 3090; x_wconf 92' lang='lat' dir='ltr'>non</span> <span class='ocrx_word' id='word_1_200' title='bbox 427 3038 457 3090; x_wconf 88' lang='lat' dir='ltr'>ad</span> <span class='ocrx_word' id='word_1_201' title='bbox 475 3039 591 3092; x_wconf 85' lang='lat' dir='ltr'>Graecos</span> <span class='ocrx_word' id='word_1_202' title='bbox 610 3038 691 3106; x_wconf 87' lang='lat' dir='ltr'>perti·</span> <span class='ocrx_word' id='word_1_203' title='bbox 726 3043 778 3091; x_wconf 89' lang='lat' dir='ltr'>tum</span> <span class='ocrx_word' id='word_1_204' title='bbox 797 3039 876 3091; x_wconf 85' lang='lat' dir='ltr'>luerit</span> <span class='ocrx_word' id='word_1_205' title='bbox 893 3039 1016 3091; x_wconf 88' lang='lat' dir='ltr'>ohieeius.</span> <span class='ocrx_word' id='word_1_206' title='bbox 1043 3037 1082 3090; x_wconf 81' lang='lat' dir='ltr'>cl.</span> <span class='ocrx_word' id='word_1_207' title='bbox 1101 3053 1123 3089; x_wconf 91' lang='lat' dir='ltr'>c.</span> <span class='ocrx_word' id='word_1_208' title='bbox 1140 3037 1180 3090; x_wconf 85' lang='lat' dir='ltr'>td.</span> <span class='ocrx_word' id='word_1_209' title='bbox 1195 3054 1220 3089; x_wconf 95' lang='lat' dir='ltr'>n.</span> <span class='ocrx_word' id='word_1_210' title='bbox 1236 3037 1262 3089; x_wconf 91' lang='grc'>6.</span> 
     </span>
     <span class='ocr_line' id='line_1_25' title="bbox 155 3118 1262 3192; baseline 0.001 -18"><span class='ocrx_word' id='word_1_211' title='bbox 155 3127 200 3175; x_wconf 84' lang='lat' dir='ltr'>net</span> <span class='ocrx_word' id='word_1_212' title='bbox 218 3121 264 3174; x_wconf 91' lang='lat' dir='ltr'>sed</span> <span class='ocrx_word' id='word_1_213' title='bbox 281 3123 312 3173; x_wconf 92' lang='lat' dir='ltr'>ad</span> <span class='ocrx_word' id='word_1_214' title='bbox 332 3123 468 3192; x_wconf 79' lang='lat' dir='ltr'>barbaros3</span> <span class='ocrx_word' id='word_1_215' title='bbox 488 3138 566 3191; x_wconf 88' lang='lat' dir='ltr'>quere</span> <span class='ocrx_word' id='word_1_216' title='bbox 582 3122 647 3176; x_wconf 79' lang='lat' dir='ltr'>Feli.</span> <span class='ocrx_word' id='word_1_217' title='bbox 666 3127 692 3175; x_wconf 89' lang='lat' dir='ltr'>et</span> <span class='ocrx_word' id='word_1_218' title='bbox 725 3124 805 3188; x_wconf 82' lang='lat' dir='ltr'>llign.</span> <span class='ocrx_word' id='word_1_219' title='bbox 831 3120 899 3176; x_wconf 62' lang='grc' dir='ltr'>καθ’</span> <span class='ocrx_word' id='word_1_220' title='bbox 915 3118 988 3177; x_wconf 73' lang='lat' dir='ltr'>“uta</span> <span class='ocrx_word' id='word_1_221' title='bbox 1016 3123 1097 3190; x_wconf 84' lang='lat' dir='ltr'>dedit3</span> <span class='ocrx_word' id='word_1_222' title='bbox 1124 3122 1169 3174; x_wconf 87' lang='lat' dir='ltr'>sed</span> <span class='ocrx_word' id='word_1_223' title='bbox 1189 3120 1262 3175; x_wconf 79' lang='lat' dir='ltr'>nurci</span> 
     </span>
     <span class='ocr_line' id='line_1_26' title="bbox 156 3203 1263 3275; baseline 0 -17"><span class='ocrx_word' id='word_1_224' title='bbox 156 3207 231 3259; x_wconf 83' lang='lat' dir='ltr'>Woll.</span> <span class='ocrx_word' id='word_1_225' title='bbox 247 3221 340 3258; x_wconf 86' lang='lat' dir='ltr'>nomen</span> <span class='ocrx_word' id='word_1_226' title='bbox 356 3212 570 3275; x_wconf 86' lang='lat' dir='ltr'>transposuerunt</span> <span class='ocrx_word' id='word_1_227' title='bbox 587 3208 690 3274; x_wconf 86' lang='lat' dir='ltr'>eiusque</span> <span class='ocrx_word' id='word_1_228' title='bbox 716 3203 795 3261; x_wconf 75' lang='lat' dir='ltr'>‘&#39;utt.</span> <span class='ocrx_word' id='word_1_229' title='bbox 811 3223 898 3260; x_wconf 89' lang='lat' dir='ltr'>omnes</span> <span class='ocrx_word' id='word_1_230' title='bbox 912 3208 982 3261; x_wconf 88' lang='lat' dir='ltr'>codd.</span> <span class='ocrx_word' id='word_1_231' title='bbox 998 3209 1057 3261; x_wconf 90' lang='lat' dir='ltr'>msti</span> <span class='ocrx_word' id='word_1_232' title='bbox 1072 3212 1097 3260; x_wconf 88' lang='lat' dir='ltr'>ct</span> <span class='ocrx_word' id='word_1_233' title='bbox 1110 3207 1171 3261; x_wconf 89' lang='lat' dir='ltr'>editi</span> <span class='ocrx_word' id='word_1_234' title='bbox 1186 3213 1263 3259; x_wconf 89' lang='lat' dir='ltr'>tuen·</span> 
     </span>
     <span class='ocr_line' id='line_1_27' title="bbox 155 3287 1262 3363; baseline 0 -19"><span class='ocrx_word' id='word_1_235' title='bbox 155 3293 210 3344; x_wconf 86' lang='lat' dir='ltr'>loco</span> <span class='ocrx_word' id='word_1_236' title='bbox 221 3292 330 3359; x_wconf 84' lang='lat' dir='ltr'>Hippiae</span> <span class='ocrx_word' id='word_1_237' title='bbox 342 3296 440 3358; x_wconf 84' lang='lat' dir='ltr'>patrem</span> <span class='ocrx_word' id='word_1_238' title='bbox 453 3293 614 3345; x_wconf 83' lang='lat' dir='ltr'>Pisistratum</span> <span class='ocrx_word' id='word_1_239' title='bbox 629 3292 690 3344; x_wconf 91' lang='lat' dir='ltr'>suh·</span> <span class='ocrx_word' id='word_1_240' title='bbox 726 3299 777 3359; x_wconf 89' lang='lat' dir='ltr'>tur,</span> <span class='ocrx_word' id='word_1_241' title='bbox 796 3298 823 3345; x_wconf 89' lang='lat' dir='ltr'>ut</span> <span class='ocrx_word' id='word_1_242' title='bbox 841 3309 919 3363; x_wconf 84' lang='lat' dir='ltr'>supra</span> <span class='ocrx_word' id='word_1_243' title='bbox 938 3290 1005 3346; x_wconf 79' lang='grc' dir='ltr'><strong>καθ’</strong></span> <span class='ocrx_word' id='word_1_244' title='bbox 1016 3287 1090 3346; x_wconf 76' lang='lat' dir='ltr'>“otu</span> <span class='ocrx_word' id='word_1_245' title='bbox 1108 3307 1196 3345; x_wconf 84' lang='lat' dir='ltr'>omues</span> <span class='ocrx_word' id='word_1_246' title='bbox 1216 3306 1262 3344; x_wconf 80' lang='lat' dir='ltr'>cx·</span> 
     </span>
     <span class='ocr_line' id='line_1_28' title="bbox 156 3368 822 3443; baseline 0.005 -15"><span class='ocrx_word' id='word_1_247' title='bbox 156 3378 312 3429; x_wconf 82' lang='lat' dir='ltr'>stituerunt:</span> <span class='ocrx_word' id='word_1_248' title='bbox 331 3368 349 3443; x_wconf 82' lang='grc' dir='ltr'><strong><em>ἢ</em></strong></span> <span class='ocrx_word' id='word_1_249' title='bbox 367 3372 506 3441; x_wconf 77' lang='grc' dir='ltr'><em>Ζωπύρου</em></span> <span class='ocrx_word' id='word_1_250' title='bbox 523 3372 611 3443; x_wconf 77' lang='grc' dir='ltr'><strong><em>εἷπον,</em></strong></span> <span class='ocrx_word' id='word_1_251' title='bbox 632 3369 651 3443; x_wconf 75' lang='grc' dir='ltr'><em>ἢ</em></span> <span class='ocrx_word' id='word_1_252' title='bbox 666 3395 692 3428; x_wconf 87' lang='grc' dir='ltr'>κ.</span> <span class='ocrx_word' id='word_1_253' title='bbox 725 3380 822 3434; x_wconf 86' lang='lat' dir='ltr'>hibent.</span> 
     </span>
    </p>

    <p class='ocr_par' dir='ltr' id='par_1_5' title="bbox 150 3453 1065 3530">
     <span class='ocr_line' id='line_1_29' title="bbox 150 3453 1065 3530; baseline -0.002 -17"><span class='ocrx_word' id='word_1_254' title='bbox 150 3453 193 3514; x_wconf 83' lang='lat' dir='ltr'>‘&#39;E.</span> <span class='ocrx_word' id='word_1_255' title='bbox 211 3458 416 3525; x_wconf 78' lang='grc' dir='ltr'><strong><em>Πεισιστράτου</em></strong></span> <span class='ocrx_word' id='word_1_256' title='bbox 434 3478 460 3512; x_wconf 84' lang='grc' dir='ltr'>κ.</span> <span class='ocrx_word' id='word_1_257' title='bbox 477 3453 547 3512; x_wconf 77' lang='grc' dir='ltr'><strong>Ἱππ.</strong></span> <span class='ocrx_word' id='word_1_258' title='bbox 584 3461 612 3513; x_wconf 88' lang='lat' dir='ltr'>Si</span> <span class='ocrx_word' id='word_1_259' title='bbox 631 3459 692 3527; x_wconf 83' lang='lat' dir='ltr'>quid</span> <span class='ocrx_word' id='word_1_260' title='bbox 795 3464 820 3516; x_wconf 82' lang='lat'>5.</span> <span class='ocrx_word' id='word_1_261' title='bbox 839 3461 900 3530; x_wconf 79' lang='grc' dir='ltr'>τὸν]</span> <span class='ocrx_word' id='word_1_262' title='bbox 921 3463 979 3514; x_wconf 84' lang='lat' dir='ltr'>Par.</span> <span class='ocrx_word' id='word_1_263' title='bbox 999 3463 1065 3515; x_wconf 75' lang='grc' dir='ltr'>τῶν.</span> 
     </span>
    </p>

    <p class='ocr_par' dir='ltr' id='par_1_6' title="bbox 157 3541 1270 3951">
     <span class='ocr_line' id='line_1_30' title="bbox 158 3541 1270 3617; baseline -0.001 -20"><span class='ocrx_word' id='word_1_264' title='bbox 158 3545 313 3609; x_wconf 88' lang='lat' dir='ltr'>mutandum,</span> <span class='ocrx_word' id='word_1_265' title='bbox 332 3545 402 3609; x_wconf 73' lang='lat' dir='ltr'>legas</span> <span class='ocrx_word' id='word_1_266' title='bbox 419 3558 466 3611; x_wconf 89' lang='lat' dir='ltr'>pm</span> <span class='ocrx_word' id='word_1_267' title='bbox 487 3541 625 3610; x_wconf 76' lang='grc' dir='ltr'><strong><em>Ζωπύρου</em></strong></span> <span class='ocrx_word' id='word_1_268' title='bbox 644 3559 692 3596; x_wconf 90' lang='lat' dir='ltr'>no·</span> <span class='ocrx_word' id='word_1_269' title='bbox 795 3546 819 3600; x_wconf 88' lang='grc'>6.</span> <span class='ocrx_word' id='word_1_270' title='bbox 839 3543 882 3601; x_wconf 81' lang='lat' dir='ltr'>Ori</span> <span class='ocrx_word' id='word_1_271' title='bbox 899 3543 951 3614; x_wconf 78' lang='lat' dir='ltr'>peip</span> <span class='ocrx_word' id='word_1_272' title='bbox 969 3545 1040 3614; x_wconf 74' lang='lat' dir='ltr'>nih]</span> <span class='ocrx_word' id='word_1_273' title='bbox 1070 3547 1270 3617; x_wconf 64' lang='lat' dir='ltr'>Thienemann„¹</span> 
     </span>
     <span class='ocr_line' id='line_1_31' title="bbox 158 3628 1262 3697; baseline -0.002 -15"><span class='ocrx_word' id='word_1_274' title='bbox 158 3645 215 3682; x_wconf 87' lang='lat' dir='ltr'>men</span> <span class='ocrx_word' id='word_1_275' title='bbox 242 3628 385 3694; x_wconf 80' lang='grc' dir='ltr'><strong><em>Κόδρον</em></strong></span> <span class='ocrx_word' id='word_1_276' title='bbox 411 3630 586 3697; x_wconf 66' lang='lat' dir='ltr'>(thimaee),</span> <span class='ocrx_word' id='word_1_277' title='bbox 611 3630 692 3682; x_wconf 89' lang='lat' dir='ltr'>ultimi</span> <span class='ocrx_word' id='word_1_278' title='bbox 726 3631 787 3684; x_wconf 84' lang='lat' dir='ltr'>falsa</span> <span class='ocrx_word' id='word_1_279' title='bbox 812 3631 928 3684; x_wconf 84' lang='lat' dir='ltr'>Clauseri</span> <span class='ocrx_word' id='word_1_280' title='bbox 951 3632 1070 3682; x_wconf 83' lang='lat' dir='ltr'>versione</span> <span class='ocrx_word' id='word_1_281' title='bbox 1097 3631 1149 3695; x_wconf 89' lang='lat' dir='ltr'>(ap.</span> <span class='ocrx_word' id='word_1_282' title='bbox 1174 3628 1262 3694; x_wconf 76' lang='lat' dir='ltr'>Wolf.)</span> 
     </span>
     <span class='ocr_line' id='line_1_32' title="bbox 157 3708 1263 3782; baseline -0.002 -14"><span class='ocrx_word' id='word_1_283' title='bbox 157 3715 353 3768; x_wconf 77' lang='lat' dir='ltr'>Atheniensium</span> <span class='ocrx_word' id='word_1_284' title='bbox 371 3714 456 3780; x_wconf 79' lang='lat' dir='ltr'>regis,</span> <span class='ocrx_word' id='word_1_285' title='bbox 481 3716 539 3781; x_wconf 91' lang='lat' dir='ltr'>qui,</span> <span class='ocrx_word' id='word_1_286' title='bbox 565 3719 594 3768; x_wconf 88' lang='lat' dir='ltr'>ut</span> <span class='ocrx_word' id='word_1_287' title='bbox 611 3715 691 3767; x_wconf 87' lang='lat' dir='ltr'>Lace·</span> <span class='ocrx_word' id='word_1_288' title='bbox 727 3716 857 3782; x_wconf 89' lang='lat' dir='ltr'>deceptus,</span> <span class='ocrx_word' id='word_1_289' title='bbox 877 3715 974 3782; x_wconf 86' lang='lat' dir='ltr'>putavit</span> <span class='ocrx_word' id='word_1_290' title='bbox 994 3714 1145 3779; x_wconf 76' lang='lat' dir='ltr'>legendum:</span> <span class='ocrx_word' id='word_1_291' title='bbox 1170 3708 1213 3766; x_wconf 83' lang='grc' dir='ltr'>Ου’</span> <span class='ocrx_word' id='word_1_292' title='bbox 1232 3709 1263 3766; x_wconf 77' lang='grc' dir='ltr'>δὲ</span> 
     </span>
     <span class='ocr_line' id='line_1_33' title="bbox 158 3794 1260 3870; baseline -0.005 -15"><span class='ocrx_word' id='word_1_293' title='bbox 158 3799 283 3856; x_wconf 80' lang='lat' dir='ltr'>daemonii</span> <span class='ocrx_word' id='word_1_294' title='bbox 314 3800 493 3863; x_wconf 86' lang='lat' dir='ltr'>vincerentur,</span> <span class='ocrx_word' id='word_1_295' title='bbox 526 3801 692 3855; x_wconf 80' lang='lat' dir='ltr'>voluntariam</span> <span class='ocrx_word' id='word_1_296' title='bbox 727 3796 869 3870; x_wconf 75' lang='grc' dir='ltr'><strong><em>βούλομαι</em></strong></span> <span class='ocrx_word' id='word_1_297' title='bbox 887 3796 923 3850; x_wconf 79' lang='lat' dir='ltr'>toi</span> <span class='ocrx_word' id='word_1_298' title='bbox 941 3798 1035 3851; x_wconf 77' lang='grc' dir='ltr'><em>πάντα</em></span> <span class='ocrx_word' id='word_1_299' title='bbox 1053 3794 1260 3868; x_wconf 75' lang='grc' dir='ltr'><em>διηγήσασθαι·</em></span> 
     </span>
     <span class='ocr_line' id='line_1_34' title="bbox 158 3880 1086 3951; baseline 0.002 -15"><span class='ocrx_word' id='word_1_300' title='bbox 158 3886 207 3937; x_wconf 89' lang='lat' dir='ltr'>sihi</span> <span class='ocrx_word' id='word_1_301' title='bbox 232 3890 338 3937; x_wconf 87' lang='lat' dir='ltr'>mortem</span> <span class='ocrx_word' id='word_1_302' title='bbox 364 3886 494 3936; x_wconf 85' lang='lat' dir='ltr'>conscivit.</span> <span class='ocrx_word' id='word_1_303' title='bbox 533 3885 591 3937; x_wconf 89' lang='lat' dir='ltr'>Non</span> <span class='ocrx_word' id='word_1_304' title='bbox 614 3889 692 3938; x_wconf 89' lang='lat' dir='ltr'>muto.</span> <span class='ocrx_word' id='word_1_305' title='bbox 728 3880 875 3951; x_wconf 79' lang='grc' dir='ltr'><strong><em>πρόκειται</em></strong></span> <span class='ocrx_word' id='word_1_306' title='bbox 889 3881 945 3951; x_wconf 69' lang='lat' dir='ltr'>pete</span> <span class='ocrx_word' id='word_1_307' title='bbox 963 3889 1022 3938; x_wconf 77' lang='lat' dir='ltr'>urt-</span> <span class='ocrx_word' id='word_1_308' title='bbox 1084 3902 1086 3907; x_wconf 90' lang='lat'><em>·</em></span> 
     </span>
    </p>

    <p class='ocr_par' dir='ltr' id='par_1_7' title="bbox 157 3965 1263 4208">
     <span class='ocr_line' id='line_1_35' title="bbox 157 3965 1263 4038; baseline -0.005 -15"><span class='ocrx_word' id='word_1_309' title='bbox 157 3971 220 4023; x_wconf 81' lang='lat' dir='ltr'>lllox</span> <span class='ocrx_word' id='word_1_310' title='bbox 237 3969 392 4037; x_wconf 84' lang='lat' dir='ltr'>Theophilus</span> <span class='ocrx_word' id='word_1_311' title='bbox 416 3968 693 4022; x_wconf 85' lang='lat' dir='ltr'>dePausaniasic</span> <span class='ocrx_word' id='word_1_312' title='bbox 796 3971 821 4024; x_wconf 84' lang='lat'>7.</span> <span class='ocrx_word' id='word_1_313' title='bbox 852 3968 1027 4038; x_wconf 72' lang='lat' dir='ltr'>seleucim]</span> <span class='ocrx_word' id='word_1_314' title='bbox 1061 3970 1124 4021; x_wconf 85' lang='lat' dir='ltr'>Ven.</span> <span class='ocrx_word' id='word_1_315' title='bbox 1151 3971 1178 4018; x_wconf 88' lang='lat' dir='ltr'>et</span> <span class='ocrx_word' id='word_1_316' title='bbox 1202 3965 1263 4018; x_wconf 87' lang='lat' dir='ltr'>Pur.</span> 
     </span>
     <span class='ocr_line' id='line_1_36' title="bbox 157 4048 1262 4123; baseline -0.003 -16"><span class='ocrx_word' id='word_1_317' title='bbox 157 4055 281 4123; x_wconf 85' lang='lat' dir='ltr'>loquitur,</span> <span class='ocrx_word' id='word_1_318' title='bbox 301 4056 372 4122; x_wconf 89' lang='lat' dir='ltr'>quasi</span> <span class='ocrx_word' id='word_1_319' title='bbox 390 4055 454 4108; x_wconf 85' lang='lat' dir='ltr'>lame</span> <span class='ocrx_word' id='word_1_320' title='bbox 473 4068 524 4107; x_wconf 92' lang='lat' dir='ltr'>non</span> <span class='ocrx_word' id='word_1_321' title='bbox 542 4054 650 4123; x_wconf 83' lang='lat' dir='ltr'>perierit</span> <span class='ocrx_word' id='word_1_322' title='bbox 667 4055 692 4106; x_wconf 88' lang='lat' dir='ltr'>iu</span> <span class='ocrx_word' id='word_1_323' title='bbox 727 4055 878 4109; x_wconf 87' lang='lat' dir='ltr'>Particulum</span> <span class='ocrx_word' id='word_1_324' title='bbox 892 4055 941 4110; x_wconf 79' lang='lat' dir='ltr'>sci</span> <span class='ocrx_word' id='word_1_325' title='bbox 956 4056 1074 4108; x_wconf 88' lang='lat' dir='ltr'>omittunt</span> <span class='ocrx_word' id='word_1_326' title='bbox 1087 4050 1162 4104; x_wconf 89' lang='lat' dir='ltr'>Bodl.</span> <span class='ocrx_word' id='word_1_327' title='bbox 1180 4048 1262 4105; x_wconf 81' lang='lat' dir='ltr'>Geso.</span> 
     </span>
     <span class='ocr_line' id='line_1_37' title="bbox 158 4138 1262 4208; baseline -0.005 -17"><span class='ocrx_word' id='word_1_328' title='bbox 158 4140 252 4207; x_wconf 84' lang='lat' dir='ltr'>templo</span> <span class='ocrx_word' id='word_1_329' title='bbox 271 4140 400 4193; x_wconf 82' lang='lat' dir='ltr'>llinervae</span> <span class='ocrx_word' id='word_1_330' title='bbox 424 4139 470 4194; x_wconf 83' lang='lat' dir='ltr'>sed</span> <span class='ocrx_word' id='word_1_331' title='bbox 495 4138 609 4208; x_wconf 88' lang='lat' dir='ltr'>periculo</span> <span class='ocrx_word' id='word_1_332' title='bbox 635 4145 692 4192; x_wconf 88' lang='lat' dir='ltr'>tan·</span> <span class='ocrx_word' id='word_1_333' title='bbox 728 4140 944 4197; x_wconf 77' lang='lat' dir='ltr'>Ducitloulllar.</span> <span class='ocrx_word' id='word_1_334' title='bbox 963 4141 1101 4204; x_wconf 87' lang='lat' dir='ltr'>Utramque</span> <span class='ocrx_word' id='word_1_335' title='bbox 1115 4149 1202 4189; x_wconf 84' lang='lat' dir='ltr'>rocem</span> <span class='ocrx_word' id='word_1_336' title='bbox 1216 4147 1262 4193; x_wconf 71' lang='lat' dir='ltr'>ex·</span> 
     </span>
    </p>
   </div>
   <div class='ocr_carea' id='block_1_5' title="bbox 0 0 1425 4852">
    <p class='ocr_par' dir='ltr' id='par_1_8' title="bbox 0 0 1425 4852">
     <span class='ocr_line' id='line_1_38' title="bbox 0 0 1425 4852; baseline 0 0"><span class='ocrx_word' id='word_1_337' title='bbox 0 0 1425 4852; x_wconf 95' lang='lat' dir='ltr'> </span> 
     </span>
    </p>
   </div>
  </div>
 </body>
</html>
