2836 4852
147 313 196 364 ¹⁴¹¹
521 298 909 375 Pnomoonfflnn

152 477 207 569 pli
229 479 370 554 iudniei
395 487 595 577 antiquitas
625 491 681 580 (c.
706 491 792 580 22).
839 486 915 578 Ipsi
939 486 1149 576 prophetae
1175 485 1278 554 nnti-

155 602 307 692 quiores
330 617 417 680 eunt
438 613 681 703 scriptoribus
703 613 852 705 graccis
878 613 932 701 (c
953 611 1038 700 23).
1090 610 1215 698 Atque
1236 615 1279 678 ut

155 726 251 799 hacc
282 735 407 804 omnia
438 758 513 808 uno
543 739 583 807 in
611 747 813 828 conspectu
842 742 1045 827 ponantur,
1077 734 1164 803 anni
1196 734 1278 803 lle-

156 854 359 930 braeorum
387 869 627 932 numerantur
649 865 698 932 nh
724 863 870 932 Adamo
897 880 1014 948 usque
1042 860 1092 929 ed
1116 859 1277 928 reditum

159 998 207 1049 ex
229 982 450 1071 captivitate
470 985 702 1077 Babylonica
723 988 799 1076 (oc.
819 989 880 1056 24.
897 986 982 1075 25).
1033 984 1091 1052 Ex
1116 1005 1189 1072 quo
1214 982 1278 1052 fa-

159 1103 241 1174 cilis
266 1112 326 1174 eet
347 1111 577 1198 comparatio
602 1118 775 1199 quantum
799 1109 946 1179 intersit
968 1108 1068 1176 inter
1090 1106 1279 1178 Christia-

160 1245 291 1297 norum
328 1236 367 1299 et
403 1229 631 1304 Graecorum
667 1237 844 1306 historias
883 1246 923 1304 et
956 1240 1197 1321 utrorumque
1232 1233 1280 1302 de

162 1352 288 1425 mundi
322 1356 467 1446 origine
496 1359 700 1430 doctrinam
733 1361 785 1450 (c.
812 1361 896 1450 26).
946 1357 1006 1426 Ne
1037 1357 1127 1445 quid
1154 1364 1280 1427 autem

164 1475 261 1548 desit
284 1477 370 1550 huic
393 1482 669 1576 chronologiae,
693 1483 939 1553 Romanorum
961 1481 1049 1552 anni
1071 1489 1281 1571 pertexue-

164 1608 227 1673 tur
254 1606 310 1673 nd
345 1605 487 1678 obitum
511 1629 627 1699 usque
650 1609 770 1679 Marci
795 1607 938 1677 Aurelii
965 1607 1018 1696 (c.
1045 1607 1129 1695 27).
1184 1605 1279 1675 Τιιιιι

165 1726 277 1800 totius
306 1730 568 1823 chronologiae
604 1733 726 1822 capita
750 1732 951 1822 praecipua
982 1729 1187 1799 summatim
1211 1748 1279 1797 re-

166 1860 362 1924 censentur
385 1857 437 1946 (c.
460 1857 542 1946 28).
593 1856 650 1924 llx
671 1855 739 1924 his·
753 1856 938 1926 concludit
965 1874 1073 1944 quem
1096 1853 1280 1924 immerito

167 1976 402 2049 christianam
439 1981 643 2051 doctrinam
680 1981 845 2049 nonnulli
880 1981 1057 2050 vellicent
1093 1985 1281 2066 tamquam

167 2107 354 2174 recentem
376 2105 429 2194 (c.
449 2105 532 2194 29).

267 2226 426 2300 Peroret
452 2228 682 2320 Theophilus
708 2229 841 2298 librum
864 2229 1002 2318 duplici
1025 2247 1138 2298 causa
1161 2227 1281 2296 allata

168 2354 460 2446 conscriptores
490 2354 615 2446 graeci
647 2355 831 2423 hebraeos
864 2373 952 2422 raro
982 2357 1281 2444 commemorent,

168 2500 322 2572 querum
347 2479 466 2572 prima
491 2487 548 2551 est
576 2481 673 2569 qnod
698 2498 830 2548 recens
855 2477 904 2546 sit
930 2480 1030 2566 apud
1056 2497 1121 2546 eos
1147 2476 1283 2546 litera·

167 2607 248 2681 rum
288 2607 465 2700 cognitio,
507 2608 626 2676 altera
669 2606 766 2694 quod
804 2622 876 2671 non
919 2603 1090 2670 desinant
1130 2600 1282 2670 fabulas

169 2754 294 2807 amare
319 2755 364 2806 nc
386 2733 582 2803 veritatem
609 2731 732 2801 odisse
759 2732 797 2797 et
820 2726 993 2797 insectari
1020 2726 1073 2815 (c.
1093 2726 1177 2816 30).

194 2969 302 3058 vll.
349 2966 571 3082 Synopsis
611 2962 935 3079 supputationis
959 2959 1200 3073 Theophili
1231 2989 1261 3042 n

218 3106 377 3194 mundo
407 3103 584 3190 condito
610 3101 666 3188 nd
693 3108 876 3186 mortem
902 3101 965 3183 M.
992 3098 1165 3183 Aurelii
1174 3097 1236 3204 il).

559 3257 629 3325 (nin
647 3256 695 3310 ιιι.
715 3271 737 3310 0.
754 3252 894 3322 nl-m.)
1266 3244 1269 3250 ⁴

166 3379 270 3448 Adam
291 3375 387 3441 fllium
408 3373 516 3454 genuit
537 3389 565 3434 n.
642 3374 705 3433 230
743 3385 853 3448 pnooh
1222 3380 1283 3439 165

170 3479 251 3548 Seth
642 3475 704 3535 2⁰5
742 3485 921 3550 Mnthusela
1220 3480 1283 3539 167

169 3585 257 3652 linco
643 3577 704 3636 190
744 3582 881 3652 Lamech
1222 3583 1285 3641 188

169 3687 287 3756 Gainssn
642 3678 702 3736 17⁰
743 3691 812 3752 Noe
834 3691 928 3766 temp.
951 3685 1062 3747 diluvii
1221 3684 1284 3743 600

166 3785 319 3871 Muloleel
642 3779 702 3837 165
852 3846 853 3850 ,
1102 3836 1105 3840 .
1132 3780 1287 3876 *ᾗῇ

167 3890 278 3965 lereth
644 3879 705 3937 1⁶2
1135 3915 1284 3926 --

173 4003 448 4130 We
473 4042 606 4120 Theophili
631 4052 752 4096 numeros
777 4050 838 4090 vore
865 4033 1001 4098 exhihere,
1027 4044 1078 4086 non
1103 4031 1187 4082 aulem
1210 4039 1287 4081 voror

169 4157 226 4203 ceso
245 4136 392 4199 ostendero.
