2836 4852
273 1091 311 1177 1.
346 1090 415 1176 De
442 1086 570 1174 huius
598 1086 805 1174 editionis
832 1089 1018 1173 ratione.

89 1301 288 1387 Textus
314 1316 493 1386 librorum
518 1313 717 1404 Theophili
740 1312 962 1382 Antiocheni
988 1317 1071 1404 πρὸς
1092 1317 1200 1386 Αὐτό-

86 1444 189 1510 λυκον
216 1462 239 1510 a
266 1460 325 1510 me
349 1440 485 1529 petitus
513 1445 569 1508 est
600 1458 647 1506 ex
673 1438 873 1516 veterrimo
902 1442 1012 1506 notae
1042 1441 1200 1528 optimae

87 1565 218 1634 codice
253 1564 398 1632 Veneto
435 1564 528 1654 196,
564 1581 831 1650 saepenumero
863 1580 885 1628 a
920 1563 1102 1651 scriptura
1134 1588 1204 1656 per

89 1688 295 1759 Gesnerum
321 1689 477 1776 vulgata
509 1687 707 1756 recedente
735 1687 972 1775 omnibusque
999 1690 1203 1764 editoribus

90 1814 293 1906 incognito,
325 1832 431 1900 quem
458 1811 539 1900 ipse
567 1829 671 1881 meae
702 1809 872 1881 editionis
897 1812 1019 1901 gratia
1044 1834 1203 1887 accura-

89 1939 230 2009 tissime
270 1936 507 2029 perlustravi.
573 1933 775 2024 Perpaucis
818 1941 956 2005 tantum
991 1939 1101 2034 locis,
1139 1944 1203 2014 nbi

89 2064 201 2133 lectio
227 2083 321 2152 quae
345 2060 549 2131 satisfaciat
573 2060 610 2128 in
634 2079 679 2128 eo
704 2080 776 2130 non
801 2066 1007 2155 comparet,
1032 2071 1203 2138 caeteros

92 2187 239 2258 codices
265 2186 434 2256 inferiori
459 2190 583 2255 aetate
611 2191 785 2254 exaratos
809 2186 847 2254 in
874 2186 1047 2259 auxilinm
1069 2193 1203 2262 vocavi

91 2319 156 2384 ant
185 2353 227 2363 -
255 2312 294 2381 id
321 2311 420 2400 quod
445 2330 533 2380 raro
561 2308 650 2378 mihi
678 2309 747 2378 fuit
774 2330 865 2399 opns
894 2351 938 2363 -
970 2315 1089 2384 textni
1116 2338 1204 2386 cer-

92 2445 168 2508 tam
202 2438 396 2527 qnamdam
428 2435 568 2505 inserui
605 2432 869 2527 coniecturam,
902 2436 1004 2504 iuxta
1039 2441 1203 2510 codicum

91 2561 253 2653 vestigia
291 2560 496 2630 rationibus
540 2559 743 2649 prudenter
783 2559 972 2627 subductis
1012 2565 1205 2653 excogita-

92 2693 168 2758 tam
182 2686 231 2778 al).
282 2684 633 2774 Interpunctionem‚
667 2701 761 2769 quae
795 2682 996 2772 praecipua
1031 2689 1205 2778 recogni-

93 2812 204 2881 tionis
234 2832 324 2900 pars
357 2811 438 2881 iure
474 2809 651 2899 habetur,
686 2807 882 2897 diligenter
917 2811 1129 2882 emendavi:
1169 2815 1206 2885 in

92 2936 306 3005 universum
330 2935 508 3005 revocavi
532 2935 581 3003 ad
603 2934 780 3005 maiorem
804 2933 1082 3023 simplicitatem.
1128 2939 1204 3011 Ga-

92 3061 171 3150 pita
198 3061 382 3148 orationis*
399 3061 528 3139 eadem
552 3059 691 3150 agnovi
714 3058 866 3148 quaein
890 3063 1092 3151 exemplari
1116 3062 1203 3134 Ma-

92 3185 247 3256 raniano
275 3190 602 3275 repraesentantur
610 3207 619 3275 3
647 3188 844 3273 praeterea
868 3185 1025 3275 margini
1050 3193 1205 3279 apposui

92 3331 167 3380 non
187 3311 343 3402 paginas
367 3312 486 3381 solum
510 3310 711 3397 literasque
735 3308 797 3398 (B.
814 3307 853 3378 Ο.
870 3309 922 3400 1))
944 3311 1204 3386 usitatissimae

94 3434 267 3505 editionis
292 3433 545 3528 Morellianae,
572 3440 631 3504 ter
654 3435 706 3503 ita
728 3435 883 3505 emissae
907 3438 1038 3526 (1616.
1056 3441 1115 3508 36.
1133 3443 1204 3533 86)

93 3561 192 3631 utin
216 3560 547 3652 ipsispaginarum
572 3558 688 3650 signis
714 3547 911 3631 concordia
934 3538 1115 3660 servetur,
1139 3568 1206 3638 sed

91 3805 94 3809 -
163 3770 193 3840 ¹¹¹)
211 3770 275 3824 Vide
294 3785 316 3823 e.
335 3785 357 3822 c.
376 3770 420 3823 lib.
438 3770 473 3822 ll.
498 3785 521 3825 e.
540 3769 565 3823 3.
592 3785 618 3824 ιι.
637 3770 662 3823 7.
682 3768 723 3822 13.
743 3768 790 3838 18,
815 3785 837 3823 o.
857 3769 881 3824 4.
907 3787 932 3824 ιι.
951 3772 1001 3839 16,
1029 3788 1050 3828 c.
1070 3773 1096 3830 8.
1115 3791 1141 3828 ιι.
1161 3774 1205 3842 11,

95 3870 118 3908 e.
136 3853 178 3908 29.
197 3871 223 3908 ιι.
241 3856 273 3922 7,
298 3871 320 3909 o.
339 3852 382 3907 21.
400 3871 428 3908 ιι.
446 3853 493 3921 18,
519 3868 542 3907 o.
559 3853 602 3907 25.
622 3869 648 3906 n.
667 3852 716 3920 12,
737 3869 759 3906 c.
776 3854 819 3906 31.
837 3869 863 3911 ι.
882 3853 926 3908 39.
945 3855 994 3924 36,
1016 3873 1037 3910 c.
1057 3858 1098 3912 32.
1116 3874 1142 3911 ιι.
1162 3858 1204 3924 19,

95 3955 119 3992 c.
137 3939 180 3991 37.
199 3955 224 3992 ιι.
243 3940 268 3994 1.
286 3939 319 4007 6,
340 3954 363 3992 c.
381 3938 424 3992 38.
445 3953 470 3994 ιι.
491 3937 523 4005 7,
543 3938 586 3990 lib.
605 3939 653 3990 lll.
673 3954 695 3991 o.
713 3936 739 3989 4.
759 3953 784 3990 n.
802 3938 827 3991 6.
847 3937 878 4005 6,
898 3954 920 3992 o.
940 3937 965 3993 6.
983 3956 1009 3996 ιι.
1030 3940 1054 3995 9.
1072 3940 1120 4002 19,
1139 3955 1161 3992 c.
1180 3940 1205 3992 8.

96 4037 122 4074 ιι.
143 4022 175 4088 7,
200 4039 222 4076 c.
241 4022 283 4076 12.
300 4038 327 4074 ιι.
346 4022 378 4091 9,
403 4039 426 4076 c.
444 4020 486 4075 14.
504 4037 531 4083 ιι.
550 4021 599 4089 13,
623 4037 645 4074 e.
664 4019 706 4073 16.
723 4036 749 4073 ιι.
768 4021 792 4074 7.
811 4021 838 4077 8.
857 4021 887 4086 9,
906 4039 927 4076 c.
947 4024 989 4078 19.
1009 4039 1034 4076 ιι.
1053 4024 1101 4090 16,
1120 4038 1143 4075 c.
1161 4021 1205 4077 22.

97 4122 124 4159 n.
143 4107 186 4160 18.
204 4106 247 4174 19,
265 4124 288 4160 c.
306 4107 350 4163 23.
368 4122 394 4159 ιι.
415 4106 440 4158 3.
459 4104 485 4173 6,
504 4121 526 4159 c.
544 4104 588 4159 21.
605 4122 632 4160 ιι.
650 4105 693 4169 36,
712 4121 734 4159 o.
751 4105 794 4160 26.
813 4121 839 4158 ιι.
856 4105 881 4159 1.
900 4105 942 4172 17,
960 4122 983 4160 c.
1001 4106 1045 4162 27.
1061 4121 1087 4158 ιι.
1106 4104 1147 4158 22
1162 4105 1206 4175 23,

97 4206 120 4243 c.
139 4189 183 4245 29.
205 4208 232 4246 ιι.
250 4192 275 4247 7.
294 4191 336 4246 12.
355 4189 397 4245 16.
415 4189 458 4256 21,
476 4206 498 4247 o.
519 4189 562 4246 39.
581 4206 605 4245 ιι.
624 4191 650 4245 8.
