2836 4852
376 877 593 948 unnot'fflm
615 880 672 940 Ao
695 877 949 939 AUTOLYCUM.

560 1047 772 1059 *um-—

514 1167 625 1228 ultan
657 1166 808 1228 PRIMUS.

110 1331 137 1386 l.
162 1276 308 1404 Lepida
329 1332 453 1404 quidem
476 1333 583 1410 lingna
608 1337 641 1393 et
663 1336 758 1394 dictio
782 1334 913 1406 elegans
933 1348 1009 1391 sane
1027 1333 1217 1392 delectatio·

105 1453 178 1495 uem
198 1437 332 1496 afferunt
354 1441 387 1497 et
409 1441 533 1500 laudem
556 1444 596 1501 ad
611 1442 732 1500 inanem
752 1441 884 1517 gloriam
901 1441 1026 1499 miseris
1045 1439 1218 1501 bominibus

106 1545 160 1620 qui
186 1548 317 1604 mentem
340 1550 454 1622 gerunt
477 1551 673 1626 corruptam3
703 1549 847 1608 veritatis
868 1552 972 1608 antem
995 1552 1118 1608 amator
1147 1549 1217 1608 ani·

109 1669 189 1711 mum
212 1664 274 1711 non
297 1655 436 1714 advertit
460 1659 657 1717 sermonibus
680 1657 803 1732 fucatis,
826 1659 882 1743 sed
903 1659 1032 1733 inquirit
1050 1673 1130 1733 opus
1146 1673 1218 1716 ser-

109 1763 192 1820 moni
210 1763 387 1824 adiunctum
404 1765 557 1840 quodnam
577 1770 609 1826 et
625 1767 718 1842 quale
736 1767 785 1825 sit.
817 1765 966 1834 Quoniam
982 1767 1088 1843 igitur,
1110 1767 1217 1843 amice,

109 1994 268 2062 peplappm
295 1997 359 2064 apud
386 1998 526 2064 scriptores
554 2000 644 2050 aetatis
680 2004 705 2051 et
730 2001 867 2068 pigmentis
894 2000 1049 2054 coloratos.“
1091 2000 1128 2051 lte
1156 2014 1217 2051 scu-

107 2081 238 2133 inferioris
266 2081 331 2133 baud
358 2083 477 2135 inusitata
508 2088 563 2135 est:
598 2086 645 2135 cir.
678 2085 775 2148 tentia,
808 2085 967 2137 Christianos
994 2101 1045 2137 non
1074 2084 1132 2136 duci
1159 2099 1216 2136 ser-

109 2165 158 2217 ltio
178 2166 247 2218 Cass.
267 2181 291 2234 p.
306 2167 366 2234 655,
384 2168 473 2221 Orare.
494 2169 584 2234 Sibyll.
603 2170 644 2221 lV.
678 2183 752 2220 mone
771 2170 854 2221 locato
873 2169 918 2221 scd
936 2171 1066 2236 respicere
1084 2167 1117 2222 ed
1136 2166 1218 2235 ἔργον

107 2248 150 2302 29.
176 2267 201 2317 p.
220 2250 271 2304 166
296 2254 337 2305 ed.
358 2253 450 2316 illem,
477 2253 536 2318 Sap.
557 2253 583 2318 7,
601 2253 644 2306 25.
680 2252 730 2306 τοῦ
744 2253 837 2320 λόγον,
853 2269 920 2320 opus
933 2257 1073 2320 sermonis,
1086 2256 1141 2305 h.e.
1156 2269 1217 2320 qua-

109 2334 171 2387 l'ob.
190 2335 222 2401 2,
240 2336 265 2388 9.
293 2337 447 2400 rit.1,15
476 2337 644 2403 (Lachmann.
678 2338 709 2389 lis
728 2339 778 2390 vito
797 2341 831 2390 sit
853 2342 943 2391 ornate
962 2337 1116 2403 dicentium,
1143 2337 1217 2389 adeas

108 2423 135 2471 et
163 2419 297 2472 Tiscbend.
329 2419 559 2487 praesumtorem
593 2422 644 2474 Lo·
681 2436 743 2488 puae
756 2421 786 2472 ad
799 2422 979 2485 Athenagorae
993 2420 1106 2487 Supplir.
1120 2437 1145 2487 p.
1156 2421 1216 2472 Chr.

106 2504 179 2558 beck.
205 2503 236 2556 ad
259 2505 355 2571 Phryn.
383 2520 407 2572 p.
427 2507 475 2571 35,
503 2506 550 2557 Ph.
569 2506 645 2557 Butt-
680 2522 703 2558 c.
720 2505 761 2557 11.
781 2520 806 2555 n.
823 2503 855 2555 19
874 2504 956 2555 attuli.

108 2602 193 2642 manu.
210 2589 286 2656 dress.
299 2591 399 2656 priccb.
412 2590 535 2656 Sprocbl.
551 2589 603 2653 (ed.
616 2589 646 2656 2)
704 2619 709 2627 ›·
739 2588 764 2641 ὅ.
784 2583 909 2654 Ἐπειδὴ]
929 2587 1044 2654 Uterque
1060 2585 1115 2641 cod.
1130 2589 1217 2650 mslus,

107 2672 137 2723 Τ.
152 2672 173 2724 l.
189 2689 214 2739 p.
227 2671 288 2736 443,
308 2673 350 2726 Al.
364 2675 511 2726 Buttmann.
527 2673 645 2725 Gramm.
681 2673 761 2725 Grsu.
780 2673 844 2724 Duc.
864 2672 931 2723 tior.
944 2673 1009 2724 Mar.
1028 2671 1152 2738 Horuphr.
1182 2671 1218 2723 At

107 2758 133 2808 d.
152 2761 265 2810 scateat.
284 2758 348 2825 Spr.
367 2757 448 2826 pao.
468 2787 501 2795 -
519 2759 645 2810 AitWol-
680 2759 745 2811 Feli.
765 2772 826 2810 vero
851 2761 877 2809 ct
896 2756 971 2811 Wolf.
991 2751 1116 2809 ἐπειδᾶν.
1152 2756 1217 2808 Cae·

106 2841 160 2895 iius
176 2843 240 2894 banc
264 2858 352 2894 rocem
375 2843 430 2894 viro
455 2843 544 2905 docto,
570 2857 644 2909 quem
680 2849 763 2896 terum
781 2856 832 2893 non
851 2846 910 2906 „est
925 2843 965 2893 bic
981 2840 1105 2908 quoddam
1121 2843 1217 2894 oratio·

107 2940 161 2977 non
197 2928 324 3003 nominat,
362 2928 515 2993 superfluam
553 2926 643 2979 videri.
679 2929 720 2980 nis
752 2922 972 2980 ἀνακόλουθον*
1009 2925 1130 2991 (ivelc),
1171 2924 1216 2977 sed

108 3009 204 3063 Contra
232 3011 370 3063 Maranus:
400 3010 577 3078 ,‚Equidem‚“
604 3013 644 3062 in·
680 3013 797 3080 apodosis
816 3013 904 3079 incipit
922 3011 1005 3064 verbis
1026 3006 1077 3078 ἐγώ
1091 3010 1142 3077 μὲν
1160 3009 1216 3075 (re-

108 3097 172 3164 quil,
190 3097 357 3164 ,pssontiren
376 3099 398 3148 si
416 3110 465 3148 vox
482 3097 524 3149 illa
541 3096 572 3149 de
587 3111 644 3149 ser·
679 3096 789 3165 spondet
806 3098 871 3148 inira
889 3097 961 3148 initio
981 3095 1035 3148 οἳ
1054 3091 1138 3161 cilici)
1164 3085 1216 3148 οὖν

108 3180 225 3233 monibus
244 3181 376 3232 manifesti
392 3181 503 3247 nequitid
519 3182 645 3248 corruptis
680 3182 725 3247 (cl.
745 3182 835 3233 lustin.
855 3181 921 3232 Dicl.
938 3196 959 3232 c.
975 3181 1019 3231 l'r.
1033 3197 1055 3231 c.
1070 3180 1113 3234 88.
1134 3196 1158 3230 n.
1174 3178 1215 3231 19.

107 3263 273 3330 intelligenda
298 3269 375 3316 esset.
412 3265 460 3317 Hic
486 3267 553 3317 enim
580 3266 645 3317 lacta
680 3266 782 3318 conlui.
812 3264 895 3330 dogm.
927 3267 1008 3317 Arist.
1036 3281 1058 3316 c.
1083 3265 1107 3315 1.
1135 3280 1160 3315 n.
1185 3264 1215 3328 7)

108 3351 251 3415 generatim
288 3355 450 3417 opponuntur
486 3351 644 3402 sermonibus
680 3346 814 3416 ὁμολογῶ.
847 3351 908 3401 Mox
926 3363 972 3416 pro
990 3343 1163 3414 κατέπληξὰς
1181 3365 1215 3413 με

108 3434 304 3486 etiumdecoris
331 3438 357 3485 ct
382 3435 542 3501 inspeciem
568 3448 644 3500 prae·
679 3435 783 3502 (Bodl.‚
824 3435 888 3486 Duc.
928 3433 993 3484 Feli
1032 3433 1106 3485 Woli.
1148 3434 1214 3485 Mar.

108 3518 198 3581 claris,
230 3518 323 3569 nedum
352 3521 442 3585 aperte
469 3519 591 3587 improbis
619 3522 645 3569 et
679 3520 818 3588 llumplrr.)
851 3519 961 3570 offerunt
987 3518 1107 3570 mendose
1134 3518 1214 3570 Gesn.

107 3603 245 3669 nequitiam
272 3617 333 3670 prae
359 3603 555 3655 referentibus.
592 3603 645 3655 Neo
679 3601 856 3671 κατέπληθάς
873 3621 924 3669 μεν
943 3604 1006 3672 (sic)
1034 3608 1061 3656 et
1078 3604 1145 3656 lllor.
1163 3623 1214 3656 κα-

107 3687 223 3754 proleclo
249 3688 365 3740 veritatis
391 3688 529 3740 cultoribus
555 3703 644 3752 magna
679 3685 822 3756 τὲπληθάς
839 3707 881 3756 με.
909 3671 1162 3758 Venssazmtpgc?
1169 3706 1213 3754 με,

107 3773 164 3825 laus
192 3776 262 3824 esset
292 3787 344 3824 non
375 3771 456 3840 decipi
486 3773 644 3824 sermonibus
679 3775 724 3828 sed
743 3791 818 3844 supra
838 3794 859 3827 ω
886 3778 1017 3827 corrector
1043 3793 1077 3836 ος
1102 3774 1213 3841 scripsit,

69 3912 73 3917 ,
107 3858 207 3925 aperte
225 3858 340 3910 nefariis.
384 3857 436 3910 Sed
463 3872 517 3909 oum
542 3857 644 3922 μιαίνω
679 3865 707 3911 ut
733 3859 906 3927 κατέπληξος
934 3859 1041 3924 legator.
1086 3857 1160 3910 Bodl.
1187 3857 1214 3906 in

29 3962 55 3995 ·.
107 3940 177 3995 idom
193 3938 269 4012 'saepe
289 3942 369 3995 valeat
387 3957 416 3994 ac
434 3944 509 4009 liupo
529 3942 646 4010 [Anthol.
680 3960 759 4010 marg.
785 3944 972 4012 scriniorum,
999 3947 1025 3995 ct
1042 3944 1106 3994 lianc
1123 3941 1214 3992 lectio·

107 4026 225 4093 gislei.
241 4030 273 4080 ll.
292 4045 318 4096 p.
336 4027 385 4080 153
404 4025 444 4080 ed.
460 4025 579 4092 lacobs.].
599 4019 645 4078 tt·
680 4044 737 4080 nem
758 4029 862 4082 wolfius
880 4029 1006 4100 praefert:
1031 4026 1057 4078 id
1082 4023 1147 4090 quod
1164 4023 1214 4075 im-

35 4108 41 4117 '
108 4128 177 4178 porc
188 4102 253 4180 pesp.
273 4115 432 4180 interpretor
444 4126 576 4164 sermones
588 4113 645 4163 luco
679 4112 767 4179 probo.
804 4113 895 4166 Graeci
920 4113 987 4164 enim
1013 4111 1084 4178 prins
1109 4107 1213 4160 verbnm

961 4208 1005 4264 1³1⁸
