2836 4852
406 255 462 318 ΔΙ)
485 253 732 321 AUTOLYUUM
751 255 905 321 llam,
1154 257 1217 324 215

104 445 200 505 peona
228 425 290 485 eina
319 442 415 507 neque
436 445 637 508 qaaecumque
655 437 724 490 ennt
742 427 883 507 proximi
901 427 955 489 toi.
998 426 1073 488 Non
1088 445 1216 509 peraer-

105 541 149 594 tes
171 533 319 595 indicium
340 536 490 613 pauperis
518 538 552 596 in
576 536 697 598 iudicio
719 538 799 606 eins,
828 537 868 618 ab
889 538 972 597 omni
992 537 1081 598 aerbo
1102 537 1216 598 iniusto

104 641 244 715 recedes,
275 645 462 703 innocentem
491 652 521 704 et
551 646 660 705 irustnm
688 666 749 706 non
780 645 918 715 occides,
950 665 1007 706 neo
1032 645 1215 724 innitentia

103 752 231 829 impium
253 758 283 812 et
304 772 426 813 mnneeo
447 772 510 812 non
530 755 683 832 ancipitem
709 775 832 816 munero
853 756 931 815 enim
951 763 1122 816 eeeoeeont
1140 775 1215 815 oen-

105 857 150 919 los
171 859 339 920 videntium
362 868 392 921 et
412 869 588 941 pervertunt
613 863 704 923 aerbo
726 865 817 924 insto.
861 863 961 924 Huius
983 865 1108 924 diuinae
1129 863 1213 940 legis

104 969 245 1028 minister
273 969 333 1029 fuit
353 971 477 1048 bloses,
507 970 642 1032 famulus
665 972 733 1047 dei,
763 973 912 1032 universo
942 974 1065 1048 quidem
1088 972 1212 1048 mundo,

103 1080 274 1156 praecipue
296 1095 373 1139 vero
396 1079 567 1155 Hebraeis,
589 1081 696 1159 quiet
716 1079 826 1140 ludaei
850 1082 1030 1159 dictinum,
1054 1099 1134 1158 quos
1154 1086 1213 1140 an-

103 1188 233 1262 tiquitus
256 1205 314 1249 rex
336 1188 476 1266 Aegypti
495 1188 527 1246 iu
546 1189 730 1249 servitutem
751 1191 892 1269 redegit,
915 1208 1007 1268 quum
1029 1191 1138 1250 essent
1158 1204 1213 1249 se·

104 1313 171 1354 men
200 1298 314 1358 iustum
330 1298 501 1357 'hominum
531 1297 659 1373 piorum
687 1300 718 1357 et
747 1301 943 1375 sanatorum,
980 1297 1152 1358 Abrabami
1179 1299 1214 1357 et

102 1404 201 1465 Issaei
220 1410 253 1465 et
271 1407 394 1466 lacobi:
422 1423 551 1481 quorum
572 1408 759 1494 reeordatus
781 1408 875 1483 deus,
898 1407 1054 1482 laetisque
1072 1406 1213 1467 ‘miraeu-

102 1513 144 1573 lis
175 1517 207 1572 et
235 1516 391 1590 prodigiis
419 1531 477 1590 per
506 1492 620 1573 Mosen
645 1515 827 1591 stupendis,
856 1514 1008 1576 liberavit
1036 1530 1094 1575 eos
1116 1515 1213 1574 etex

102 1622 254 1699 Aegypto
275 1623 400 1694 eduxit,
432 1622 548 1681 ducens
571 1637 626 1680 eos
649 1638 707 1698 per
729 1623 887 1701 regionem
911 1640 992 1699 quae
1011 1624 1139 1683 deserta
1162 1623 1213 1682 di-

102 1730 200 1805 eitur;
224 1746 302 1805 quos
324 1733 417 1790 etiam
438 1729 580 1789 restituit
600 1731 632 1788 in
654 1731 770 1789 terram
792 1730 1026 1809 chananaeam,
1049 1749 1130 1809 quae
1151 1748 1223 1810 po·.

103 1840 173 1897 stea
195 1839 310 1899 ludaea
332 1842 444 1899 voeata
465 1840 531 1914 est,
562 1839 727 1915 legemque
755 1841 861 1914 posuit
891 1842 1025 1902 ethaeo
1054 1858 1110 1902 eos
1132 1842 1213 1901 edo·

103 1947 175 2006 nuit.
211 1946 347 2023 Magnae
363 1948 460 2024 igitur
482 1950 515 2005 et
536 1948 730 2006 admirabilis
753 1950 792 2007 ad
817 1965 935 2008 emnem
958 1951 1108 2010 iustitiam
1130 1949 1213 2027 legis

104 2057 211 2116 deeem
227 2057 356 2134 eapite,
379 2072 459 2132 quae
482 2058 574 2116 antea
596 2057 779 2134 retulimus,
803 2055 979 2118 istiusmodi
1001 2060 1082 2123 sunt.

190 2286 240 2344 10.
263 2283 412 2351 Quoniam
435 2284 531 2359 igitur
553 2285 694 2360 inquilini
717 2286 746 2342 in
765 2284 914 2362 Aegypte
931 2287 1058 2347 fuerant
1077 2289 1130 2362 qui
1153 2303 1212 2363 ge-

104 2408 180 2451 nere
208 2393 344 2451 Hebraei
375 2397 465 2451 erant
491 2409 532 2451 ex
564 2391 723 2451 Chaldaea
752 2388 841 2465 (orta
868 2395 925 2453 illo
955 2400 1101 2473 tempore
1128 2395 1212 2457 lame

104 2518 235 2562 neeesse
258 2499 432 2560 habuerunt
450 2503 480 2558 in
497 2501 676 2578 Aegyptum
699 2503 924 2577 transmigrare
947 2504 1093 2563 frumenti
1107 2521 1213 2580 eausa,

105 2611 186 2685 quod
210 2612 277 2670 illie
299 2612 508 2687 vendebatur,
531 2611 585 2670 ubi
606 2614 638 2669 et
661 2611 713 2670 diu
734 2611 917 2696 eommorati
939 2615 1029 2670 sunt:
1051 2612 1133 2671 haee
1154 2629 1213 2670 au-

106 2723 166 2778 tem
189 2721 229 2777 iis
252 2720 440 2778 eveniebant
462 2719 629 2779 seeundum
650 2716 897 2795 praedictionem
920 2721 1004 2795 dei),
1035 2736 1144 2795 quum,
1163 2719 1214 2777 in-

105 2844 213 2903 quam,
243 2829 384 2903 inquilini
414 2830 445 2888 in
467 2829 615 2904 Aegypto
645 2828 734 2887 annis
761 2829 997 2911 quadringentis
1024 2833 1057 2888 et
1084 2820 1214 2905 triginta

104 2935 240 2996 tuissent
263 2954 417 3012 quumque
442 2937 547 3013 Moses
570 2953 626 2996 eos
649 2937 680 2995 in
703 2937 860 2997 desertum
884 2928 1094 3015 perducturus
1117 2941 1214 3016 esset,
1239 2972 1249 2978 -

105 3130 185 3195 llign.
205 3125 427 3198 ἀποκατέστησεν
450 3133 505 3183 sine
529 3130 642 3183 codicum
675 3131 744 3182 vult:
769 3125 852 3193 ὄντος
875 3129 1044 3200 τοῦγένους
1063 3130 1210 3203 Ἐβραίων.

106 3228 221 3267 assensu.
676 3215 772 3267 Mareu.
793 3217 819 3268 in
837 3220 999 3286 parenthesi,
1024 3234 1097 3287 quern
1116 3220 1213 3287 primus

175 3312 533 3384 15·gq]v„,‚130dqop„,
560 3316 641 3369 (Μὴ.
676 3305 746 3353 reete
765 3304 865 3368 posuit,
894 3303 1030 3369 legendum
1048 3308 1137 3357 censet
1154 3299 1213 3357 κατ’

106 3405 165 3452 lunt
191 3399 259 3452 editi.
297 3401 387 3452 Postea
413 3415 459 3467 pre
483 3401 530 3453 nol
554 3396 643 3467 νόμον
677 3382 764 3438 ἕκέἷνθ
783 3383 835 3452 γὰρ
854 3389 964 3453 καιροῦ·

106 3484 142 3538 illi
161 3484 234 3537 codd.
253 3487 311 3536 msti
330 3501 376 3537 nee
394 3499 445 3536 non
464 3484 523 3536 editi
539 3489 643 3553 praeter
745 3469 770 3520 ²·
788 3469 951 3539 Ίένθμὲνης]
977 3474 1035 3524 ΡΜ·
1053 3471 1213 3541 Ὶὲνθμὲνθυ·

107 3569 172 3620 Due.
202 3569 277 3622 Wolf.
304 3570 369 3622 Mar.
398 3569 523 3635 llumpbr.
552 3569 645 3621 babent
678 3582 712 3592 ··
729 3552 810 3607 Kal&
830 3556 1072 3625 πθθαναφώνηΰίν
1090 3560 1140 3612 θ·ῑ
1160 3561 1213 3612 (ἢ-

107 3649 178 3706 umi
201 3651 300 3716 νόμον,
678 3654 733 3690 nes.
754 3639 857 3705 15,13.

679 3736 681 3740 ’
702 3745 704 3752 ”
747 3723 772 3775 3.
787 3742 901 3788 nepote.
955 3743 1061 3791 terque.
1073 3746 1097 3779 κ.
1110 3726 1214 3797 veroin]

97 3807 99 3812 ’
177 3804 201 3857 1.
226 3799 306 3864 ὄντες
325 3801 356 3857 τὰ
374 3823 397 3871 γ.
412 3799 553 3872 Ἑβραῖοι]
579 3805 643 3857 Tres
679 3795 888 3874 Erod.12,4o.
930 3809 968 3861 cl.
994 3809 1091 3863 doctam
1117 3813 1149 3864 de
1174 3813 1213 3865 bis

66 3898 69 3904 '
108 3889 181 3944 cedd.
212 3891 295 3943 nostri
324 3891 392 3944 msti.
436 3889 564 3964 Editorrs
585 3892 643 3940 ante
678 3892 751 3942 annis
769 3892 858 3957 (etiam
877 3893 941 3945 inira
961 3909 984 3948 e.
1006 3894 1214 3960 timernoretis)

108 3975 201 4028 wilt:
292 3969 384 4041 ὄντες,
403 3969 436 4028 ed
454 3994 479 4041 γ.
496 3967 643 4042 Ἑβραίων.
679 3977 864 4043 expositionem
882 3979 1016 4033 Kuobelii:
1041 3979 1072 4032 l).
1091 3981 1122 4032 Β.
1141 3979 1215 4032 Ene-

109 4060 163 4124 Qua
188 4061 314 4129 scriptura
339 4061 461 4128 deeeptus
480 4060 565 4113 Daris.
590 4074 643 4111 una*
680 4061 729 4113 dns
749 4066 798 4114 ete.
817 4076 842 4129 p.
859 4062 907 4116 121
922 4079 961 4132 sq.
