2836 4852
473 266 798 331 sn‘AtJnochnm
819 268 896 330 tte.
918 262 957 330 ll.
1210 267 1271 336 105

153 485 155 489 ,
252 440 301 498 16.
332 437 393 499 bie
414 441 523 516 quinto
547 439 694 501 animatio
718 459 758 501 ece
779 442 867 520 aquis
887 446 993 500 crecta
1015 440 1183 518 prodiere,
1211 459 1272 520 per

132 544 134 548 '
165 565 246 624 quae
265 548 444 609 multivaria
468 549 520 608 dei
548 549 578 607 in
599 549 649 609 his
670 565 795 626 qnoque
816 548 912 608 rebus
933 549 1088 626 sapientia
1112 551 1273 612 elucescit.

165 658 239 727 Quis
262 658 342 717 enim
362 658 467 736 possit
484 673 591 718 eorum
613 659 840 719 multitudinem
863 659 896 718 et
915 674 1064 734 generum
1086 660 1272 722 varietatem

160 768 373 827 >enumeraret
423 767 596 828 Praeterea
628 768 721 827 etiam
753 767 918 826 benedixit
946 767 1025 827 deus
1054 768 1094 828 iis
1125 786 1206 844 quae
1232 787 1273 831 ox

163 876 253 952 aquis
275 878 349 936 nata
372 879 461 955 sunt,
487 878 522 936 ut
542 877 574 935 id
598 893 721 952 quoque
744 868 864 953 signum
888 878 977 936 esset
1000 873 1137 939 homines
1159 881 1273 957 poeni·

162 986 291 1046 tentiam
319 990 352 1044 et
380 985 596 1046 remissionem
616 987 817 1063 peccatorum
840 1002 899 1062 per
921 1002 1032 1061 aquam
1061 989 1095 1046 et
1117 988 1273 1050 lavacrum

162 1096 413 1172 regenerationis
435 1096 627 1171 accepturos.
644 1111 733 1171 esse,
756 1096 910 1170 quotquot
930 1095 971 1155 ad
991 1096 1157 1157 veritatem
1179 1115 1273 1159 aeos·

162 1204 239 1264 dunt
259 1207 292 1265 et
314 1206 541 1282 regenerantur
563 1205 595 1262 et
614 1202 862 1264 benedictionem
884 1221 901 1264 a
923 1205 984 1264 deo
1005 1205 1171 1280 accipiunt.
1208 1206 1270 1267 Sed

162 1315 197 1374 et
225 1316 295 1374 eote
325 1316 358 1374 et
385 1315 571 1374 carnivorae
598 1329 675 1371 aves
702 1309 819 1372 ‘habent
851 1312 1082 1372 similitudinem
1114 1317 1271 1393 rapacium

162 1422 319 1483 hominum
341 1426 374 1482 et
396 1423 696 1500 praevaricatorum.
741 1421 1002 1489 Quemadmodum
1022 1423 1100 1481 enim
1121 1425 1272 1499 aquatilia

162 1534 197 1591 et
219 1532 381 1609 volatilia,
412 1549 503 1607 quum
533 1531 596 1589 sint
625 1530 765 1589 eiusdem
790 1533 939 1606 naturae,
967 1532 1118 1606 quaedam
1145 1550 1273 1610 perma-
1387 1612 1390 1617 ,

161 1641 290 1700 nontin
314 1657 353 1701 eo
378 1641 460 1716 quod
483 1638 651 1699 secundum
681 1641 822 1697 naturam
851 1640 901 1698 est
930 1642 964 1700 et
991 1641 1108 1700 nnllam
1130 1641 1273 1703 imbecil-

161 1748 295 1811 lioribus
318 1751 460 1811 iniuriam
483 1747 640 1824 inierunt,
663 1749 720 1808 sed
742 1748 845 1824 legem
867 1748 919 1808 dei
940 1751 1070 1809 servant
1090 1752 1122 1810 et
1144 1752 1273 1812 semini·

162 1859 223 1919 bus
244 1862 351 1921 terrae
382 1859 570 1935 vescuntur,
604 1858 756 1933 quaedam
787 1873 865 1917 vero
887 1854 997 1934 'legem
1027 1860 1079 1919 dei
1106 1861 1273 1938 transgree

152 1967 298 2028 »utuntur
319 1971 353 2030 et
379 1985 491 2030 earnes
522 1971 634 2027 vorant
663 1966 939 2026 etinfirmioribus
961 1968 1023 2026 vim
1047 1969 1197 2029 aderunt:
1227 1969 1272 2032 ita

163 2078 255 2137 etiam
278 2079 369 2155 insti,
393 2079 444 2154 qni
466 2077 645 2154 legem-dei
667 2075 860 2152 custodiunt,
882 2077 1032 2135 neminem
1054 2080 1198 2138 mordent
1217 2085 1273 2141 aut

164 2186 303 2263 laedunt,
326 2191 433 2246 saneto
455 2190 489 2246 et
509 2165 590 2246 inste
611 2187 766 2262 viventes,
787 2201 921 2273 rapaces
943 2202 1021 2245 vero
1045 2189 1078 2246 et
1100 2185 1271 2251 homicidae

163 2295 302 2372 etimpii
325 2297 443 2356 similes
467 2297 539 2355 sunt
559 2295 681 2354 cetibus
704 2295 736 2353 et
763 2293 841 2353 ieris
872 2298 904 2353 et
932 2297 1108 2356 carnivoris
1138 2299 1269 2376 avibus3

163 2405 319 2464 devorant
346 2407 427 2464 enim
456 2404 682 2481 quodammodo
697 2403 907 2463 infirmiores.
952 2403 1144 2479 Aquatilium
1168 2411 1271 2470 autern

163 2516 196 2573 et
217 2513 376 2590 reptilium
400 2531 515 2592 genus,
547 2513 689 2589 quamvis
711 2510 940 2571 benedictionis
963 2512 1014 2570 dei
1038 2517 1199 2593 particeps
1220 2517 1272 2577 ia·

161 2625 243 2684 etum
265 2626 331 2700 est,
353 2623 434 2683 nihil
453 2625 556 2682 tamen
577 2621 748 2699 praecipue
770 2621 968 2680 consecutum
992 2622 1052 2680 est.

163 2822 262 2884 poterut
287 2819 404 2872 excidens
431 2819 463 2870 ob
488 2819 602 2870 iteratam
621 2816 699 2882 sylla·
734 2820 903 2882 acceperunt,
928 2817 990 2868 nibil
1016 2820 1203 2879 tameoiuesso
1221 2835 1271 2890 quo

162 2901 219 2954 bam
236 2920 312 2955 -ον,
734 2901 843 2953 caeteris
862 2901 1009 2954 animalibus
1027 2909 1168 2970 praestent,
1187 2907 1212 2959 id
1231 2909 1270 2961 ri·

231 2987 273 3039 11.
299 2986 360 3055 nul]
388 2985 555 3039 Desideratus
580 2986 605 3037 in
628 2983 698 3037 codd.
734 2986 808 3038 datur
825 2987 872 3039 hac
892 2993 977 3040 mente
996 2989 1151 3057 observare,
1177 2996 1206 3042 ut
1224 2993 1268 3045 ba-

165 3073 237 3125 mstis
252 3075 278 3125 et
290 3072 372 3125 editis.
408 3070 485 3124 Solus
501 3071 626 3138 ilumpbr.
646 3084 699 3121 mo·
734 3071 853 3136 ptismum
871 3073 918 3124 bae
939 3070 1113 3126 benedictione
1133 3074 1272 3141 significari

163 3156 217 3209 nitu
236 3155 321 3209 weldi
339 3157 421 3207 textui
440 3154 556 3207 inseruit.
734 3154 874 3209 confirmet
917 3157 987 3211 Haec
1012 3162 1095 3213 autem
1121 3161 1195 3212 verba
1222 3155 1271 3214 od-

231 3241 274 3295 12.
311 3238 435 3296 ἐοίκασιν
462 3239 585 3308 κήτεσιν]
618 3239 701 3304 Von.;
734 3237 782 3294 etv
794 3239 870 3294 ἴδιον
887 3256 941 3294 non.
955 3242 1099 3310 significant
1111 3245 1173 3296 nibil
1186 3246 1272 3300 inesse

163 3326 232 3394 vulg.
250 3327 317 3395 (bis)
335 3340 407 3379 -σι,
434 3325 475 3379 Ex
492 3325 541 3377 boe
558 3339 636 3377 censu
654 3325 698 3377 ba·
734 3327 869 3393 reptilibus
888 3342 1009 3401 aquarum
1028 3329 1096 3396 quod
1109 3344 1197 3384 eorum
1209 3346 1271 3400 pro-

163 3412 249 3465 laenas
261 3412 407 3465 eximendus
417 3411 505 3463 Fellus
516 3413 610 3475 monet,
625 3409 699 3476 quip-
730 3412 872 3478 ptinendi,
891 3412 936 3465 sed
952 3412 1014 3465 nihil
1028 3413 1093 3480 quod
1108 3417 1271 3486 praecipuum

162 3512 196 3564 pe
225 3494 289 3565 quae
320 3498 433 3564 gramine
460 3497 527 3548 vesei
555 3494 699 3563 depreben-
735 3495 858 3562 videatur,
877 3496 939 3548 nibil
954 3511 1004 3564 quo
1018 3500 1126 3552 caeteris
1140 3505 1273 3569 praestent

163 3581 265 3634 dantur.
735 3580 913 3634 animantibus
950 3581 1059 3634 basilius
1084 3584 1177 3638 Hamil.
1203 3587 1271 3641 8in

232 3666 273 3720 13.
315 3666 531 3733 καταπίνουσιν]
575 3665 700 3734 llumpbr.
734 3666 858 3720 Heraens.
885 3663 1004 3718 observat
1021 3668 1138 3735 aquatilia
1157 3672 1271 3726 animalia

161 3765 237 3812 ‚-ot
735 3750 931 3817 imperfectioris
949 3749 1131 3818 quodammodo
1150 3770 1207 3808 esse
1225 3770 1271 3807 nn-

232 3834 273 3889 tt
293 3832 489 3901 rdstoddqmo
504 3830 698 3899 callemarcio]
735 3839 806 3886 turae
825 3849 899 3902 quam
917 3837 1061 3903 terrestria,
1080 3838 1176 3906 quinio
1192 3854 1270 3906 aquae

163 3921 251 3974 Pisces
269 3920 437 3988 designantur
455 3919 494 3970 bis
513 3917 629 3982 vocibus,
649 3931 700 3967 nou
735 3919 904 3972 crassitudine
927 3920 1031 3988 degunt
1067 3924 1139 3975 inest
1156 3924 1206 3975 illis
1225 3938 1270 3976 au-

164 4009 247 4058 autem
266 4006 392 4070 volucres,
408 4005 460 4056 >etsi
477 4019 508 4056 en
523 4003 612 4054 iisdem
628 4001 700 4069 aquis
735 4003 801 4055 ditus
828 4005 913 4069 granis
938 4004 1068 4074 hebesque
1091 4006 1177 4058 visust
1202 4011 1271 4059 mute

164 4089 280 4145 edoctae.
313 4085 386 4157 Quod
400 4090 435 4142 ait
448 4085 603 4157 Theophilus
619 4087 700 4154 repti·
735 4091 796 4141 sunt
821 4091 847 4140 et
863 4089 1029 4143 immansueta
1058 4094 1084 4142 et
1100 4089 1219 4142 indocilis
1245 4096 1272 4143 et

99 4242 102 4247 Ι
163 4175 230 4229 libus
258 4189 394 4243 aquarum,
423 4174 472 4227 etsi
500 4170 700 4226 benedictionem
735 4173 878 4227 bominibus
896 4174 1072 4228 intractabilia.
1091 4167 1230 4226 Musones.
