2836 4852
483 259 542 322 AB
562 259 808 323 surculeum
832 259 911 326 ulo.
928 261 969 324 11.
1241 263 1284 330 99

254 429 305 487 lh.
329 426 393 486 Iam
416 428 448 489 in
470 427 518 490 his
541 433 707 493 considera
730 433 917 492 varietatem
940 434 974 493 ot
996 433 1154 495 diversam
1177 452 1279 498 venu-

164 537 278 596 statem
302 539 334 595 et
356 537 495 614 copiam,
524 543 556 599 et
578 543 733 616 quomodo
756 543 788 599 iu
811 557 846 600 se
869 538 1037 602 exhibeant
1063 546 1278 609 resurrectio·-

161 662 250 722 uem,
271 641 314 705 iu
345 647 522 722 exemplum
547 647 672 709 futurae
694 651 863 725 aliquando
888 651 1021 710 omnium
1044 651 1199 714 hominum
1221 670 1277 714 re·

162 757 387 840 surrectionis,
426 755 501 824 Quis
524 760 575 815 est
596 760 676 816 enim
700 760 836 834 quinon
860 761 1033 819 admiretur
1055 777 1146 835 quum
1170 763 1276 823 consi-

132 890 133 895 *
162 865 255 926 deret
285 847 325 923 ex
355 865 405 923 fici
428 866 546 931 semiue
575 866 664 927 ficum
687 869 791 945 nasci,
823 869 874 927 vel
905 886 945 927 ex
968 869 1039 927 aliis
1062 869 1276 932 minutissimis

161 972 332 1034 seminibus
353 975 518 1035 immensas
539 976 672 1037 arbores
694 979 865 1038 cresceret
895 977 930 1036 ln
947 977 1025 1036 mari
1043 982 1145 1038 autem
1162 977 1275 1040 simili·

160 1085 238 1144 tudo
254 1085 344 1143 uobis
366 1101 433 1142 cum
456 1086 569 1147 mundo
592 1086 769 1146 exhibetur.
806 1086 883 1145 Nam
904 1088 1160 1162 quemadmodum
1178 1105 1274 1158 mare,

161 1193 221 1252 nisi
243 1194 397 1252 fluminum
420 1196 452 1252 et
474 1193 605 1254 fontium
628 1197 764 1272 appulsu
787 1195 943 1272 aleretur,
966 1197 1080 1256 dudum
1104 1197 1144 1254 ob
1167 1197 1274 1257 salsu-

160 1301 261 1382 ginem
284 1301 457 1361 arefactum
479 1307 583 1363 esset:
608 1305 653 1363 ita
676 1306 768 1363 etiam
792 1306 933 1382 muudus,
953 1306 1014 1364 nisi
1036 1301 1201 1365 habuisset
1223 1306 1274 1365 le-

158 1426 230 1486 gem
245 1411 307 1469 dai
330 1413 363 1469 et
384 1411 577 1486 prophetas,
607 1429 648 1471 ex
671 1414 783 1488 quibus
806 1414 903 1472 tluuut
935 1416 968 1471 et
990 1411 1163 1474 scaturiunt
1184 1431 1274 1480 mau-

108 1582 111 1584 ,
159 1519 296 1578 suetudo
320 1522 352 1576 et
374 1521 591 1580 misericordia
616 1525 648 1579 et
670 1522 789 1580 iustitia
814 1525 846 1580 et
868 1525 1046 1582 sanctorum
1070 1523 1122 1581 dei
1144 1524 1275 1584 manda·

158 1628 263 1688 iorum
288 1629 448 1706 doctriua,
482 1631 595 1690 dudum
623 1631 663 1689 oh
692 1632 862 1707 nequitiam
889 1634 922 1689 et
951 1630 1160 1707 multiplicata
1181 1632 1212 1691 in
1235 1648 1273 1693 ao

158 1739 289 1814 peccata
311 1737 493 1796 defecisset
531 1737 572 1796 Et
595 1740 851 1813 quemadmodum
875 1741 905 1797 iu
926 1741 1003 1799 mari
1024 1744 1151 1801 exstant
1173 1758 1270 1816 quae·

158 1846 229 1906 dam
252 1847 374 1907 insulae
395 1845 584 1907 habitabiles
607 1852 641 1911 et
663 1850 752 1923 aquis
775 1849 922 1909 salubres
945 1851 978 1908 et
998 1848 1183 1928 frugiferae,
1205 1853 1273 1912 sta·

158 1956 297 2017 tionibus
327 1960 361 2015 et
384 1957 538 2032 portubus
568 1959 704 2018 munitae
735 1962 769 2017 ut
797 1960 836 2018 iis
867 1959 921 2034 qui
948 1961 1138 2036 tempestate
1162 1960 1272 2021 iactati

158 2063 285 2127 fuerunt
308 2065 455 2143 perfugio
479 2083 549 2126 esse
572 2065 711 2143 possint:
743 2069 789 2127 sic
812 2069 890 2127 deus
916 2070 1030 2128 mundo
1051 2069 1109 2128 suh
1132 2070 1271 2145 peccatis

158 2175 321 2235 fluctuanti
346 2180 379 2235 et
401 2177 558 2234 aestuanti
579 2178 841 2253 congregationes
859 2178 955 2255 dedit,
978 2194 1057 2253 quae
1074 2179 1197 2239 scilicet
1211 2195 1271 2241 no-

158 2285 268 2344 minari
291 2286 396 2345 solent
419 2289 546 2345 sanctae
569 2283 739 2361 ecelesiae,
769 2288 799 2344 in
825 2288 937 2361 quihus
953 2288 1100 2346 ‘doctrina
1125 2289 1270 2347 veritatis

157 2394 246 2453 velut
271 2379 302 2454 in
325 2396 480 2473 portubus
502 2395 673 2455 insularum
697 2397 884 2470 opportunis
907 2399 1106 2471 asservatur,
1129 2397 1168 2456 ad
1191 2413 1269 2471 quas

156 2504 341 2581 perfugiunt
370 2508 421 2581 qui
451 2506 585 2578 salutem
615 2504 764 2577 consequi
786 2504 930 2580 cupiunt,
963 2505 1098 2563 studiosi
1123 2506 1269 2596 veritatis

156 2614 190 2671 et
210 2614 289 2672 iram
312 2615 517 2689 iudiciumque
541 2614 592 2672 dei
607 2611 746 2687 effugere
763 2610 918 2669 volentes.
955 2610 995 2669 let
1013 2612 1270 2686 quemadmodum

155 2721 241 2783 aliae
271 2725 397 2782 exstant
428 2722 557 2781 insulae
580 2736 717 2780 saxosae
747 2721 780 2778 et
802 2719 973 2794 inaquosae
1000 2722 1035 2778 et
1057 2718 1268 2796 infrugiferae

155 2988 346 3058 τοῦγλνκὲος.
377 2990 631 3043 Etl’rohlem.secl.
648 2989 692 3052 23,
727 2990 824 3041 blacan.
851 2994 877 3041 ct
902 2989 1028 3056 Hurnphr.
1048 2990 1157 3056 iaciunt,
1184 2993 1267 3044 lexlui

155 3077 204 3131 30:
224 3079 275 3145 τῆς
292 3075 437 3144 θαλάσσης
457 3074 491 3128 τοὶ
511 3069 569 3129 ἅνω
588 3076 645 3127 τῶν
663 3072 692 3128 ἐν
727 3076 835 3127 inseruit
853 3073 970 3139 ,λέγομεν
988 3072 1019 3128 el
1045 3081 1072 3128 ci
1096 3076 1264 3143 Theophilum

155 3167 196 3232 τῷ
223 3159 310 3232 βάθει
341 3157 540 3229 clavomaco,
572 3157 646 3214 διότι
677 3154 691 3213 ὁ
727 3161 862 3224 scripsisse
887 3161 985 3226 pulavit
1011 3159 1125 3229 λέγομεν
1151 3157 1181 3214 el
1206 3156 1266 3222 arie.

154 3242 233 3316 ἥλιος
259 3247 306 3300 καὶ
335 3241 350 3301 ὁ
377 3245 432 3316 (iniq
459 3244 556 3312 οἷνοὲγνν
584 3244 628 3298 οἷοὶ
658 3242 690 3299 rii
727 3245 952 3296 hlutelioncmiam
967 3245 1266 3301 Heumannnsl.c.mc-

154 3331 351 3402 ἐλαφρότατον
369 3327 691 3398 revincendumque.
727 3332 777 3382 nilo
798 3331 958 3395 improbavit.
996 3331 1085 3398 Neque
1105 3334 1163 3384 aiibi
1181 3334 1266 3387 Theo-

210 3419 249 3472 b.
269 3412 372 3486 οὕτως]
394 3418 471 3479 Ven.;
491 3417 559 3482 vulg.
581 3410 667 3469 olium.
727 3415 812 3480 philus
830 3417 916 3480 phrasi
937 3413 1050 3482 λέγομεν
1063 3413 1094 3469 ei
1113 3419 1202 3482 utitur,
1220 3416 1267 3469 scd

225 3503 249 3556 7.
279 3497 391 3570 adroic]
422 3502 484 3553 Van.
514 3505 540 3552 et
567 3500 639 3552 Bodl.
668 3506 694 3552 et
726 3499 795 3567 λέγω
814 3495 861 3565 δὲ,
888 3503 917 3551 ut
941 3499 1023 3566 paullo
1048 3506 1122 3569 post:
1150 3499 1218 3567 λέγω
1236 3497 1267 3554 de

156 3589 217 3643 editt
235 3605 316 3657 usque
336 3589 366 3640 ed
386 3588 460 3639 wolf.
481 3583 600 3646 ἑαυτοῖς.
629 3587 692 3638 Tum
727 3589 786 3640 τῶν,
805 3583 949 3648 αἱρέσεων.
988 3585 1028 3637 Gi.
1055 3602 1091 3639 cc.
1111 3587 1134 3640 o.
1153 3587 1202 3654 sl,
1224 3588 1267 3640 iit.

153 3675 223 3741 vulg.
242 3669 331 3737 οὕτω,
352 3687 402 3724 non
422 3664 513 3732 οὕτως
533 3671 633 3739 (lien).
728 3671 775 3723 lll.
796 3687 817 3724 c.
836 3670 879 3733 23,
900 3668 931 3720 al.

224 3758 249 3811 8.
276 3755 426 3824 λεγομένας
444 3753 487 3823 oi]
516 3756 559 3808 Sic
585 3756 646 3807 Van.
667 3759 693 3806 ct
796 3753 820 3806 9.
848 3750 877 3807 ἓν
895 3752 1004 3823 νήσοις]
1032 3755 1159 3810 Ecclesiae
1178 3759 1267 3810 eutho-

154 3843 230 3896 Bodl.
262 3843 314 3897 Sed
339 3843 419 3895 Gesn.
445 3843 509 3894 Duc.
536 3841 605 3892 lior:
627 3841 694 3893 Feli.
727 3840 789 3891 licas
805 3838 896 3891 insulis
911 3840 1033 3892 assimilat
1049 3842 1191 3909 Gregorius
1203 3843 1265 3896 Nae.

156 3925 319 3996 λεγομένας,
338 3927 432 3979 omisso
451 3921 491 3977 δὲ.
527 3926 596 3976 llaec
613 3926 693 3992 parli-
730 3926 775 3978 Or.
795 3924 838 3978 43.
857 3941 881 3992 p.
898 3922 957 3997 697.
983 3925 1123 3980 Maronea.
1148 3929 1209 3978 hlox
1228 3925 1266 3979 εἰ·

154 4015 209 4067 cula
228 4027 416 4083 saepenumero
434 4012 460 4061 in
476 4010 588 4063 eiusdem
608 4011 692 4060 notio·
728 4011 772 4063 σίν
794 4004 871 4073 Ven.;
889 4011 956 4077 vulg.
976 4012 1037 4066 εἰσί.

155 4100 197 4152 nis
214 4100 368 4167 repetitione
395 4097 436 4149 rel
461 4096 609 4147 accuratiori
628 4093 693 4147 deli-
797 4093 838 4146 10.
863 4091 992 4162 ἐκφαγεῖν
1092 4095 1176 4163 θεοῦ]
1203 4093 1266 4149 coll.

153 4185 251 4238 uiliauc
276 4185 390 4252 ponitur.
434 4180 555 4248 wolfius,
585 4193 692 4249 quocum
728 4181 804 4232 Rom.
822 4179 854 4246 2,
872 4182 897 4236 3.
916 4182 941 4235 ὅ.
1031 4198 1034 4203 ·

1015 4272 1061 4333 7*
