2836 4852
416 263 473 326 Ab
493 260 752 326 abrottount
766 259 847 325 ΗΒ.
858 260 919 327 itt
1158 260 1224 329 208

112 451 155 498 ox
175 434 345 515 adulterio,
366 449 407 495 ne
431 435 501 512 quis
522 434 555 494 in
573 435 676 511 patris
697 434 770 494 loco
792 448 862 494 eun
884 430 968 494 colat
982 434 1035 509 qui
1052 436 1146 512 pater
1159 453 1224 499 nen

111 545 170 622 sit,
192 547 247 605 ant
268 562 338 605 eum
361 547 414 622 qui
441 545 583 604 veresit
614 546 707 620 peter
735 539 904 620 ignominiai
933 543 1068 622 afficiat,
1099 550 1227 624 patron·

112 670 187 714 esse
208 656 371 732 ignorans.
414 655 505 714 Mitto
528 657 603 730 quot
625 656 803 729 quantaque
829 653 982 712 eiusmodi
1005 653 1155 717 facinora
1166 676 1223 720 ro·-

111 765 207 839 liquis
237 765 362 842 legibus
385 765 592 824 Rornanorum
623 767 665 823 et
683 762 873 822 Graecorum
897 762 1114 838 probibentur.
1148 767 1230 830 Gur>

112 874 206 953 igitur
228 873 385 950 Epicurus
407 877 440 932 et
462 873 560 932 Stoici
583 874 720 932 incestos
742 889 809 932 oum
831 872 996 931 sororibus
1020 877 1053 931 et
1074 877 1223 939 masculis

112 984 296 1043 concubitus
311 985 443 1060 docent,
466 1001 527 1058 qna
549 983 691 1043 doctrina
713 981 923 1041 bibliothecas
945 982 1164 1062 impleverunt,
1188 990 1224 1048 ut

96 1100 132 1151 'a
146 1094 273 1153 tenoris
287 1093 398 1154 ittioita
421 1094 595 1152 coniunctio
612 1089 833 1151 ediscereturi
865 1089 907 1150 Et
926 1090 999 1165 quid
1019 1093 1131 1152 attinet
1147 1097 1223 1172 pto-

112 1201 199 1261 ribus
221 1203 304 1262 circa
327 1220 383 1262 eos
404 1203 578 1278 immorari,
613 1202 731 1277 quippe
760 1218 852 1275 quom
883 1200 922 1259 de
951 1197 989 1260 iis
1019 1202 1113 1262 etiarn
1143 1222 1224 1281 quos

112 1311 377 1389 decsappetlant
399 1313 512 1386 similia
537 1309 817 1388 praedicaverint?

197 1423 228 1479 7.
254 1421 338 1482 Deos
361 1423 443 1480 enim
466 1424 540 1497 post
560 1431 749 1494 quamesse
775 1418 923 1478 dixerunt
943 1435 1054 1478 rursus
1077 1421 1117 1478 ad
1140 1419 1224 1482 nibi-

112 1529 175 1589 lum
199 1531 355 1606 redigunt.
400 1531 464 1588 Alii
493 1529 574 1587 enirn
607 1544 647 1586 ex
677 1528 790 1585 atomis
814 1541 870 1584 eos
892 1529 1039 1586 constare
1068 1527 1224 1611 dixerunt,

114 1638 169 1697 alii
191 1639 223 1696 in
245 1641 367 1700 atomos
394 1637 499 1712 abire,
528 1653 586 1695 neo
616 1635 777 1710 quicquam
800 1636 934 1712 amplius
962 1654 1053 1710 quam
1082 1639 1224 1702 hominos

113 1763 211 1822 posse
242 1749 320 1807 deos
349 1749 464 1809 dicunt.
508 1747 600 1805 Plato
624 1748 744 1820 autem,
768 1748 934 1820 postquam
960 1746 1037 1806 deos
1066 1749 1224 1823 assistere

114 1856 209 1933 dixit,
238 1874 294 1916 cos
319 1857 516 1916 'ex-materia
540 1856 731 1914 constituere
756 1871 818 1912 non
845 1855 978 1914 dubitat.
1023 1856 1225 1935 Pythagoras

114 1967 227 2041 autem,
249 1968 301 2042 qui
324 1968 404 2026 adeo
428 1967 467 2025 de
490 1966 550 2023 diis
573 1964 734 2022 laboravit
757 1981 795 2022 ao
814 1981 937 2023 sursum
961 1965 1107 2026 deorsum
1127 1985 1226 2044 pore·

115 2075 257 2150 grinatus
278 2079 337 2154 est,
360 2079 522 2151 postremo
546 2073 654 2130 detinit
676 2075 816 2130 naturam
836 2077 868 2131 et
885 2073 1016 2134 fortuito
1033 2057 1133 2135 onmia
1153 2078 1223 2138 tieri

116 2183 208 2242 dicit:
233 2186 310 2243 deos
332 2186 449 2244 nullam
473 2179 627 2241 hominum
649 2199 753 2239 curam
771 2199 895 2257 gerere.
925 2183 1016 2243 Mitto
1033 2187 1109 2259 quot
1124 2203 1225 2260 quan-

115 2295 210 2368 taque
231 2292 446 2354 clitomachus
469 2290 674 2352 Academicus
702 2291 838 2365 protulit
866 2294 900 2351 ut
923 2293 1027 2353 nullos
1051 2311 1124 2356 esse
1147 2297 1224 2357 deos

119 2486 251 2552 βούλεται
277 2488 367 2555 legunt
397 2491 460 2542 Ven.
487 2487 564 2541 Bodt.
594 2488 653 2543 Par.
689 2486 770 2538 blicho
795 2493 911 2553 constet,
938 2507 983 2558 pro
1008 2493 1167 2560 providentia
1185 2495 1226 2550 di·

117 2570 276 2643 pisitanae.
312 2576 370 2628 Par.
390 2591 401 2628 s
420 2589 498 2640 supra
518 2591 551 2624 oe
570 2573 653 2623 lrabet.
688 2571 744 2622 vina
771 2588 908 2641 pugnasse.
944 2578 1078 2642 atvero,
1106 2581 1223 2634 utitor.
1293 2567 1297 2578 ’

184 2659 209 2712 t.
229 2657 404 2726 Πυθαγόρας
421 2659 492 2726 act]
513 2657 578 2710 Feli.
596 2649 653 2710 cino*
689 2655 825 2720 admonuit,
846 2674 901 2710 cum
921 2659 1063 2728 Theophila
1082 2664 1141 2714 tacit
1160 2666 1226 2719 Ter-

116 2758 163 2811 pro
181 2745 260 2811 napi,
288 2747 464 2798 nesciocuius
484 2743 565 2811 culpo.
602 2743 654 2794 To·
689 2740 810 2793 tutttanus
827 2741 900 2807 Apol.
920 2759 943 2793 c.
959 2743 1006 2795 11:
1031 2746 1139 2812 „Totum
1158 2750 1224 2802 euim

118 2833 171 2881 turn
196 2831 277 2882 tocurn
303 2833 337 2882 ita
357 2829 413 2882 dedi
434 2833 462 2881 ut
480 2830 561 2880 estin
581 2826 654 2891 Van,
688 2825 736 2877 hoc
755 2826 840 2877 mundi
867 2842 958 2894 corpus
985 2831 1039 2883 sive
1065 2834 1178 2886 innatum
1200 2836 1227 2888 et

118 2928 224 2981 quocum
238 2915 310 2966 Bodl.
324 2910 419 2978 sentit,
439 2915 487 2966 nisi
502 2913 566 2980 quod
586 2928 655 2978 φησι
689 2911 809 2962 iniectum
847 2913 985 2965 secundum
1024 2917 1225 2986 Pythagoram.“

117 3012 165 3068 pro
184 3015 273 3067 puoto
292 2983 408 3068 praebet.
438 2999 474 3049 lta
494 2999 568 3048 etiam
587 2999 655 3062 Pac,
690 2995 866 3048 Ttieodoretus
891 3003 974 3050 auteur
997 3002 1112 3053 eumdem
1136 3004 1227 3057 adiun-

119 3085 161 3152 qui
186 3089 271 3136 tamen
294 3083 341 3136 aui
366 3089 424 3135 anto
442 3079 530 3142 θεοὺς
555 3083 655 3134 inserit.
690 3070 727 3142 git
743 3080 799 3131 attis
818 3081 992 3146 providentiae
1011 3087 1226 3145 obtrectatoribus

116 3165 155 3221 'At
175 3169 256 3222 Geso.
282 3170 346 3221 Duc.
372 3169 438 3222 tior.
464 3168 541 3219 Fati:
567 3163 655 3220 εἶναι·
690 3162 755 3216 Λᾶν.
775 3165 866 3218 Graec.
885 3168 926 3220 Vt.
947 3167 1050 3235 potii:
1074 3171 1117 3226 Ου’
1136 3172 1227 3240 μόνον

118 3255 190 3322 φησί
214 3272 243 3308 ts
270 3256 328 3307 reia
352 3250 468 3306 πάντων
492 3250 580 3314 θεοὺς
605 3249 657 3305 oiv-¹
691 3245 721 3302 di
748 3248 775 3301 oi
801 3247 874 3317 ἀμφὶ
898 3250 948 3304 erio
971 3253 1151 3323 Δημόκριτον
1176 3259 1226 3316 sui

117 3337 244 3407 θρώπων
261 3359 290 3406 μ.
310 3359 360 3406 app.
397 3341 499 3391 Castori
525 3339 596 3391 editt.
620 3341 654 3404 (a.
690 3331 857 3399 Χρύσιππον
879 3337 926 3392 καὶ
944 3334 1109 3409 Ἐπίκουρον
1132 3343 1228 3400 πάντα

118 3426 207 3490 Par.):
226 3421 299 3478 εἷναί
315 3441 383 3492 φησι
396 3425 453 3475 cciv
463 3422 589 3485 πάντων,
607 3423 655 3481 soi
690 3419 763 3474 aurei
793 3419 917 3491 ἀνάγκην
948 3423 1058 3493 ἔφασαν
1086 3433 1226 3498 γίνεσθαι,

113 3508 208 3572 θεοὺς
236 3506 399 3576 ἀνθρώπων
425 3527 453 3575 μ.
472 3527 521 3575 φρ.
558 3510 655 3562 Moron.
691 3502 814 3573 ἀνάγκην
837 3511 990 3571 καλοῦντες
1016 3511 1067 3579 τήν
1094 3515 1226 3586 εξμαρμᾶ.

118 3597 214 3650 irustre
234 3597 321 3649 maliet
345 3595 406 3648 ittud
428 3594 655 3662 paor-exstingui.
691 3610 758 3658 νην,
784 3590 855 3646 citici
879 3595 927 3648 uoci
947 3596 1119 3666 Πυθαγόρας
1139 3599 1154 3657 ὁ
1173 3624 1226 3659 ῃ.

119 3679 161 3732 At
179 3695 232 3732 reru
250 3683 330 3746 ipsam
351 3679 417 3746 quod
435 3681 541 3743 attinet,
560 3678 591 3729 de
609 3677 656 3729 deo
691 3674 881 3746 λσθρύλλητος
910 3675 1034 3751 ἀνάγκην
1062 3682 1121 3743 εἶπε
1146 3708 1227 3760 περι.

117 3765 195 3832 longe
234 3766 308 3818 aliter
344 3766 458 3817 sensisse
488 3765 657 3830 Pythagoram
691 3765 802 3814 κεῖσθαι
821 3762 860 3831 τῷ
878 3764 1003 3836 κόσμῳ.

118 3851 209 3903 scribit
226 3851 365 3903 Reinesius
382 3851 409 3902 in
428 3851 502 3902 Vara.
521 3848 591 3900 lectt
609 3846 656 3902 111.
759 3847 785 3901 b.
804 3842 911 3908 Ὁπόσα
925 3868 954 3904 τε
967 3855 1035 3924 att]
1053 3857 1158 3912 Retncs.
1172 3861 1191 3912 t
1205 3873 1226 3913 σ.

118 3949 145 4002 p·
165 3934 232 4000 tta,
253 3937 297 4003 qui
316 3935 403 4001 negari
422 3947 498 4000 posse
518 3947 567 3984 non
586 3938 657 4000 putat
692 3935 718 3984 et
736 3933 808 3984 Wott.
828 3934 891 3987 baec
904 3951 960 3988 cum
979 3939 1154 4007 interrogandi
1168 3949 1229 3999 nota

119 4022 147 4074 ia
165 4022 221 4073 eius
239 4020 326 4074 seboin
344 4020 420 4072 deum
439 4033 497 4072 esso
513 4019 658 4082 effectorem
692 4017 863 4084 protulerunt.
906 4022 1013 4075 Rectius
1040 4025 1138 4078 aaran.
1165 4026 1229 4082 ittut

120 4106 225 4170 nundi,
249 4108 346 4174 quippe
371 4120 447 4173 quarn
465 4100 593 4172 ψύχωσιν
611 4087 656 4174 ip
694 4098 786 4156 ὁπόσα
813 4121 842 4158 cs
871 4108 958 4159 retulit
985 4107 1015 4160 ad
1039 4110 1172 4180 superiora
1200 4112 1231 4169 st

120 4191 271 4258 pellavertt3
294 4192 355 4245 item
381 4191 468 4258 ilium,
492 4193 520 4242 ut
537 4203 570 4242 ex
592 4191 658 4251 iun·
692 4188 869 4255 postomia
895 4191 1117 4261 κατατρίβεσθαι
1142 4213 1171 4252 π.
1198 4216 1226 4256 α.
