2836 4852
465 263 522 325 nl)
544 264 790 326 AUTOLYCUM
813 265 889 327 LIB.
909 265 948 327 11.
1202 264 1263 332 185

155 431 265 508 ltaque
288 432 480 510 scriptores,
510 435 563 510 qui
586 436 715 494 deorum
739 435 965 496 multitudinem
988 436 1196 511 admiserunt,
1222 442 1264 502 ad

154 540 360 602 monarchiam
393 542 604 620 devenerunt,
633 546 667 602 et
688 545 934 619 qui'docuerunt
958 561 1019 604 uon
1051 560 1124 606 esse
1150 552 1265 625 provi÷

155 651 289 712 dentiam
313 652 365 710 dei
387 669 455 711 eam
478 653 689 732 admiserunt,
715 654 819 728 etqui
842 654 986 714 iudicium
1010 658 1164 730 negarunt
1186 674 1263 717 con·

154 759 234 820 fessi
256 757 380 821 suntid
405 761 541 822 futurum
565 778 647 838 esse,
670 765 703 821 et
725 763 777 838 qui
797 778 922 822 sensum
944 765 1170 839 postmortem
1191 754 1263 827 esse

153 865 308 946 negarunt
330 870 468 930 confessi
492 873 563 930 sunt
588 874 726 944 [sensum
749 873 947 949 superesse].
983 870 1137 932 Homerus
1160 873 1264 953 igitur,

155 996 246 1053 quum
270 979 421 1039 dixisset:

240 1085 351 1148 Anicio
373 1090 471 1148 instar
492 1090 602 1148 somnii
624 1087 749 1149 avolans
771 1087 930 1156 volitavit,

142 1193 228 1256 'alini
256 1198 348 1257 dicit:

240 1304 350 1365 Anima
371 1325 410 1366 ec
432 1307 569 1369 memhris
592 1303 697 1367 colons
719 1305 763 1365 ud
787 1304 899 1366 Orcum
920 1305 1088 1369 descendit.
1178 1359 1179 1363 ,

152 1413 344 1476 strumus:
724 1408 729 1416 ’

173 1574 175 1578 ,
241 1521 346 1601 sepeli
368 1541 414 1582 mc
436 1541 525 1601 praem
548 1521 706 1593 citissime,
729 1529 835 1599 portos
861 1521 936 1581 Oret
956 1529 990 1580 at
1012 1523 1132 1588 tratrem.

152 1632 200 1690 De
224 1632 378 1708 caeteris,
405 1646 484 1705 quos
506 1629 632 1707 legisti,
654 1632 800 1716 accurate
823 1631 977 1706 cognitum
1001 1632 1059 1691 tibi
1082 1650 1153 1694 esse
1177 1638 1264 1697 arbi-

151 1742 222 1799 tror
256 1720 410 1815 quomodo
446 1737 664 1797 disseruerint.
721 1738 806 1797 llaec
837 1741 939 1797 autem
975 1743 1074 1800 omnia
1107 1744 1265 1824 intelliget

152 1850 294 1924 quisquis
315 1848 501 1925 sapientiam
525 1846 577 1904 dei
600 1847 724 1920 quaerit
746 1847 837 1920 eique
862 1849 1033 1922 perfidem
1057 1852 1089 1910 et
1113 1851 1263 1914 iustitiam

154 1961 186 2016 et
216 1958 299 2017 bona
329 1974 426 2033 opera
455 1956 569 2031 placet.
622 1954 744 2013 Etenim
773 1955 853 2014 dixit
883 1957 997 2031 aliquis
1028 1975 1067 2016 ex
1096 1962 1263 2038 prophetis

154 2083 232 2142 quos
251 2082 358 2142 :supra
389 2063 688 2138 demonstravimus,
715 2064 838 2122 nomine
868 2065 1005 2125 lloseas:
1043 2069 1117 2138 Quis
1142 2074 1264 2149 sapiens

154 2184 183 2235 et
204 2173 357 2254 intellipct
381 2174 472 2245 hoec,
500 2171 637 2251 prendens
654 2179 691 2252 set
718 2174 904 2251 copn'oscet?
947 2174 1028 2234 Nam
1048 2187 1149 2238 rectae
1169 2180 1262 2258 [sunl]

154 2285 220 2342 eice
242 2282 375 2351 domici,
399 2290 428 2342 et
451 2282 524 2340 iusti
543 2279 734 2341 nnehulahrcnt
758 2282 790 2339 tra
809 2282 862 2356 its,
892 2283 982 2361 impii
1003 2294 1102 2345 cutem
1122 2289 1262 2367 infirmu-

153 2392 261 2453 baotar
294 2393 327 2450 in
353 2392 401 2450 tis.
451 2390 584 2466 Oportet
610 2391 706 2465 igitur
737 2391 770 2448 ut
799 2390 852 2463 qui
881 2391 1020 2450 discendi
1051 2397 1182 2470 cupidus
1212 2402 1262 2457 est

154 2481 247 2560 etiam
276 2501 422 2561 lubenter
451 2500 560 2568 discat.
605 2497 743 2556 Proinde
767 2496 805 2555 da
826 2514 953 2573 opernm
983 2503 1017 2558 ut
1039 2504 1166 2577 saepius
1195 2523 1262 2565 me-

153 2719 288 2784 legendum
312 2723 386 2785 putet
409 2717 572 2783 πολυμαθῆ.
614 2715 690 2766 Eam·
726 2687 1260 2783 Φιλόμυθοςὸφιλὸσοφόςπώςέστινὲ

155 2803 210 2854 dem
230 2805 400 2855 coniecturam
418 2802 461 2854 lih.
482 2800 528 2853 ΙΙΙ.
548 2817 570 2853 c.
591 2799 623 2853 15
650 2801 689 2867 (n.
726 2800 802 2853 Certe
821 2801 907 2853 eadem
927 2806 966 2852 est
980 2802 1112 2869 utriusque
1128 2809 1261 2859 sentientia.

155 2888 202 2953 11)
232 2889 352 2954 repetiit:
386 2881 499 2955 ἴναιιὸς
528 2884 691 2952 φιλομαθής
724 2887 787 2938 Nam
817 2889 843 2938 et
869 2886 1024 2938 Aristoteles
1049 2889 1104 2940 vult
1133 2896 1263 2943 amato-

154 2969 287 3040 ἐγενήθης
307 2969 328 3024 ἕ.
346 2993 369 3025 τ.
390 2967 524 3032 hesdrae
542 2970 590 3024 eet
610 2975 690 3036 ‹pelo-
725 2985 791 3023 rem
811 2971 1023 3024 eruditionis
1042 2970 1136 3024 dehere
1155 2991 1262 3028 amare

154 3053 253 3126 μαθής
270 3053 325 3126 ἔσῃ.
345 3059 416 3110 Χ(ἑεῐευ
437 3061 476 3109 sat
493 3057 588 3109 infelici
605 3056 690 3110 Nolito
725 3054 907 3121 colloquia
934 3059 960 3107 et
982 3055 1041 3108 inde
1068 3061 1199 3110 materiam
1220 3077 1262 3112 ca-

154 3144 180 3195 in
194 3147 305 3195 mentem
321 3143 390 3194 venit
406 3139 615 3210 palamediacis,
633 3156 691 3193 cae·
725 3154 787 3206 pera
802 3144 865 3214 tum
892 3139 1063 3193 admirationis
1086 3147 1140 3195 tum
1160 3146 1264 3211 indaga-

154 3229 255 3294 teroqoi
274 3229 377 3278 verbum
403 3215 604 3279 commenticium
626 3224 691 3292 quod
726 3224 805 3276 lionis
825 3239 964 3276 causarum.
990 3225 1086 3278 Errant
1107 3229 1204 3298 quippe
1222 3232 1263 3282 in-

155 3313 256 3364 civitate
275 3327 364 3377 greeca
385 3317 464 3365 caret.
493 3313 547 3363 lann'
564 3311 692 3363 audiemus
725 3313 871 3376 terentes,
900 3325 975 3376 quum
1003 3311 1045 3362 illa
1070 3312 1146 3364 verha
1167 3315 1263 3366 lruncee

155 3397 341 3462 Hennensem,
361 3398 403 3462 qui
423 3396 531 3463 (Poscit,
551 3396 579 3447 Τ.
598 3395 646 3447 lll.
667 3408 691 3458 p.
727 3393 836 3445 reddunt
871 3395 896 3445 in
933 3394 1048 3448 modum:
1083 3397 1264 3464 Philosophus

155 3480 220 3542 210)
242 3482 320 3534 scite:
343 3482 483 3545 ,‚Scribo‚“
503 3481 595 3546 inquil,
614 3498 692 3545 „ps-
727 3482 832 3529 ametor
846 3481 884 3528 est
897 3477 1060 3544 sedatorum.
1094 3481 1199 3533 Scilicet
1211 3483 1264 3548 μῦ-

157 3567 341 3633 topedein
364 3567 390 3616 h.
411 3579 433 3615 e.
460 3565 573 3630 colloqui
599 3564 692 3616 ledea·
726 3564 782 3623 doc
800 3577 850 3614 noo
871 3577 972 3628 semper
991 3564 1116 3628 significet
1133 3566 1263 3633 fabrilem,

157 3655 205 3704 ter.
233 3649 691 3703 StetimenlmhaecsuhiicltTheo-
727 3648 855 3700 immenti
873 3646 958 3697 Larini
976 3648 1117 3700 lohulem
1137 3651 1264 3703 interdum
1345 3651 1347 3658 '

154 3735 257 3804 philus:
289 3735 406 3788 Studeas
433 3749 506 3804 erpo*
522 3734 692 3800 freqaecnltus
728 3734 817 3783 vocant
831 3731 945 3797 quemvis
958 3733 1128 3802 narrationem
1139 3735 1176 3787 sic
1190 3737 1265 3789 ctiam

80 3876 93 3889 ,
155 3819 291 3872 stetissem
309 3833 445 3871 sermones
460 3817 590 3884 conferre,
608 3821 637 3868 ut
649 3819 692 3868 ct·
727 3815 937 3881 Graceipddor.
964 3816 1065 3868 Testem
1080 3817 1192 3885 produco
1208 3821 1264 3870 lso-

156 3920 195 3956 oc
208 3921 271 3957 ecee
295 3906 390 3956 cardito
411 3902 550 3954 veritatem
570 3904 693 3960 accurate
728 3904 842 3966 cratem,
867 3900 910 3966 qui
931 3901 956 3951 in
975 3900 1128 3955 Archidamo
1147 3918 1193 3955 suo
1212 3922 1263 3970 pc·

153 3985 407 4056 perspiciosuQuid
424 3988 447 4037 si
467 3984 545 4038 dionm
560 3985 693 4052 Theophili
727 3987 859 4052 deiopeia
886 3985 948 4039 dicit
967 4001 997 4038 eo
1015 4003 1093 4040 sensu
1112 4002 1161 4055 quo
1180 3988 1265 4040 Latini

157 4074 240 4125 nostrl
258 4073 341 4124 animo
360 4073 519 4125 observatum
539 4071 617 4137 toi-sse
631 4069 693 4121 illud
729 4070 815 4122 dicunt
838 4085 895 4122 rem
920 4074 1073 4139 qrecmpicm
1094 4073 1198 4138 copiose
1218 4089 1264 4125 ec-

158 4157 308 4210 Arislotelis
328 4157 450 4223 (hlelaph
463 4157 481 4207 l.
498 4155 546 4208 αἳ
563 4155 600 4224 [p.
614 4155 639 4220 8,
651 4153 692 4221 4])
726 4169 826 4222 ponere
846 4158 871 4206 et
891 4170 1027 4208 eaorrore.
1064 4159 1102 4208 Ac
1120 4155 1186 4210 idam
1207 4173 1265 4210 vsc-
