2836 4852
290 255 674 327 commissionum
690 259 734 325 IN
754 257 996 326 avarionus
1016 262 1095 329 tls.
1114 265 1138 328 1.
1204 260 1274 330 293

156 447 218 492 non
239 425 382 510 rapinam
403 434 591 496 arbitratus
606 437 657 497 est
683 449 816 496 essese
838 436 1002 513 aequalem
1026 436 1102 514 neo,
1132 436 1273 497 censes

156 542 321 618 metipsum
339 544 516 603 ‘exinanivit
538 543 667 604 formam
690 536 777 604 servi
799 543 988 622 accipiens.“
1023 542 1111 622 Ergo
1132 547 1270 622 propter

154 651 360 711 contumelias
386 669 464 728 quas
494 653 564 730 ipse
595 653 728 730 pertulit
756 654 858 713 nostri
887 669 982 713 causa
1010 653 1208 713 humiliorem
1230 669 1268 714 se

155 759 298 819 omnihus
321 760 557 820 demonstravit.
602 760 664 820 Sed
687 758 854 838 postquam
878 763 979 821 erevit
1002 758 1153 834 Christus,
1176 761 1266 821 soili-

155 871 206 928 eet
229 870 281 928 vel
303 870 333 928 in
349 883 442 930 eruce
462 871 515 928 vel
537 886 724 949 resurgens,
747 873 877 946 recepta
902 871 961 930 iam
984 874 1143 946 potestate
1165 871 1267 930 maior

158 979 299 1038 omnibus
322 977 508 1049 hominibus,
532 981 566 1037 ut
587 981 713 1038 sanctus
735 979 854 1038 Paulus
877 980 931 1038 ait.
972 974 1017 1013 ¹¹²
1026 980 1183 1058 „Propter
1204 979 1269 1039 hoe

155 1083 288 1166 (inquit)
311 1088 467 1146 exaltavit
490 1088 576 1147 iilum
597 1088 675 1147 deus
695 1090 728 1147 et
750 1088 838 1146 dedit
853 1089 900 1146 illi
917 1104 1028 1148 nomen
1045 1089 1127 1163 quod
1142 1090 1192 1149 est
1208 1105 1271 1147 su*

154 1212 327 1272 peremne
356 1212 483 1272 nomen,
518 1205 552 1256 ut
583 1197 613 1254 in
640 1197 762 1256 nomine
792 1196 864 1255 lesu
887 1212 978 1256 omne
1000 1211 1097 1276 genus
1120 1197 1264 1255 flectatur

154 1304 350 1380 coelestium,
372 1305 568 1365 terrestrium
589 1309 622 1364 et
636 1303 858 1365 internorum.“
877 1333 880 1336 ·
903 1300 1048 1363 Achorem
1066 1306 1168 1364 autem
1185 1304 1263 1384 fieri,

154 1413 201 1473 ita
220 1420 254 1473 at
274 1411 409 1474 volucres
433 1413 512 1472 coeli
540 1413 677 1474 lectitent
705 1415 738 1472 in
766 1413 860 1472 ramis
888 1414 965 1478 eius,
996 1412 1164 1470 ecelesiam
1184 1427 1267 1486 quae

153 1520 230 1598 post
251 1521 428 1596 passionem
443 1523 484 1580 et
504 1508 766 1580 resurrectionem
797 1521 912 1580 domini
942 1522 1016 1579 nata
1045 1522 1095 1578 cst
1117 1519 1264 1594 ostendit,

155 1629 244 1688 cuius
267 1645 373 1688 ramos
401 1646 474 1689 esse
503 1630 669 1705 apostolos
699 1632 824 1687 cunstat
853 1631 892 1688 ad
923 1644 1058 1706 superna
1087 1618 1265 1686 tendentes.

153 1737 309 1797 volueres
331 1739 434 1797 autem
456 1737 538 1797 coeti
563 1735 740 1796 habitantes
761 1738 791 1795 in
814 1738 908 1797 ramis
932 1736 1069 1797 homines
1089 1736 1268 1813 significant

154 1846 317 1923 spiritales
339 1845 392 1922 qni
414 1846 444 1904 in
467 1847 682 1922 apostotorum
706 1843 860 1904 catholica
882 1847 1024 1906 doctrina
1044 1846 1266 1921 requiescunt:

154 1955 207 2030 qui
231 1955 303 2014 idco
334 1955 480 2014 volucres
503 1955 705 2032 appellantur
727 1955 872 2029 quorriam
894 1958 1024 2015 sanctae
1045 1953 1266 2014 conuersatio-

153 2064 201 2122 nis
231 2063 336 2123 studio
365 2064 485 2123 volare·
505 2065 653 2124 videntur
681 2063 720 2123 ad
743 2064 881 2140 eoelum,
913 2079 931 2122 a
954 2064 1090 2123 terrenis
1115 2062 1265 2139 operibus

152 2172 349 2231 recedentes.
394 2172 433 2230 Ut
455 2172 499 2231 ait
520 2173 685 2249 apostolus
716 2165 760 2204 ¹¹³
771 2170 831 2247 „Et
850 2188 911 2231 nos
932 2173 984 2247 qui
1007 2172 1140 2231 vivimus
1170 2171 1267 2231 simut

153 2281 311 2356 rapiemur
334 2281 364 2337 in
383 2281 521 2340 nubibus
541 2278 663 2340 obuiam
686 2279 813 2338 Christo
837 2281 865 2337 in
889 2298 964 2339 aera
988 2285 1021 2339 et
1047 2283 1094 2339 sic
1116 2297 1182 2338 cum
1203 2281 1264 2338 do-

154 2388 236 2447 mino
265 2387 411 2447 erimus.“
463 2387 537 2447 Sive
569 2391 739 2463 propterea
770 2404 902 2464 regnum·
933 2389 984 2446 dei
1014 2404 1113 2464 grano
1134 2379 1263 2463 'sinapis

153 2497 348 2572 adaequatur
379 2497 451 2571 quia
473 2497 528 2553 ita
559 2495 700 2553 difficilia
729 2496 761 2552 in
791 2496 915 2554 devotis
944 2499 1115 2571 praecepta
1148 2497 1263 2570 divina,

153 2605 233 2664 siout
264 2602 432 2663 vehemens
465 2606 516 2663 est
546 2620 583 2662 ac
613 2603 777 2662 molestum
808 2605 911 2679 sinapi
944 2604 1024 2661 illuri
1056 2603 1260 2661 sumentibus.

154 2707 319 2772 ”istane
349 2721 393 2771 ert
420 2731 545 2789 reputem
575 2709 727 2771 coelorum
750 2711 893 2771 thesauro
914 2711 1098 2772 abscendito
1120 2711 1159 2768 ιίι
1174 2729 1269 2788 opre.=

152 2820 241 2897 Ager
269 2820 321 2878 htc
349 2821 480 2878 muudus
511 2820 577 2895 cst,
607 2817 773 2879 thesaurus
804 2819 948 2880 Christus
972 2824 1022 2880 est
1042 2821 1098 2896 qui
1118 2819 1268 2878 triduana·

151 2928 247 2986 tatuit
276 2927 440 3002 passione:
471 2927 553 2986 nude
582 2929 776 2987 vendendum
799 2932 850 2987 est
871 2929 961 2988 nohis
985 2939 1075 2988 omne
1097 2928 1181 3003 quod
1203 2922 1268 2985 ina-²

152 3035 262 3094 bemus
286 3035 316 3092 iu
339 3034 547 3110 bossetulo,
571 3037 605 3094 ut
627 3036 721 3094 vitam
745 3052 919 3096 mereamur
939 3039 1109 3096 aeternam.
1223 3068 1225 3072 >

248 3138 291 3177 ¹¹⁵
305 3142 453 3221 Acceptis
482 3141 561 3203 Iesus
595 3145 725 3224 quinque
752 3145 883 3223 portibus
912 3151 942 3204 et
972 3144 1088 3205 ancora
1114 3143 1269 3222 piscihus:

152 3253 215 3311 Per
235 3253 370 3328 quinque
398 3269 496 3329 panes
525 3254 766 3329 pentateuchum
791 3255 964 3330 significat,
994 3256 1026 3314 id
1049 3257 1104 3313 -est
1126 3254 1267 3330 quinque:

152 3360 254 3419 libros
275 3360 389 3437 Mosis,
414 3378 472 3437 per
494 3361 573 3420 duos
596 3360 699 3436 pisces
723 3363 784 3422 duo
807 3366 1012 3440 testamenta,
1035 3367 1127 3423 vetus
1149 3365 1182 3420 et
1201 3378 1267 3425 no-r

153 3461 242 3529 uum:
272 3470 383 3543 quihus
415 3469 556 3528 domiuus
589 3486 687 3544 genus
718 3470 881 3530 humanum
910 3475 1023 3549 pascit.
1071 3467 1115 3505 ¹¹⁰
1134 3472 1262 3547 Vespere

153 3584 253 3637 autem
283 3580 372 3655 factu
400 3575 481 3635 rolris
511 3584 577 3635 erut
604 3578 663 3646 itm
696 3577 835 3636 navicula
866 3587 964 3637 cutem
996 3582 1027 3636 in
1056 3577 1157 3636 nicetio
1183 3579 1262 3636 inuri

153 3685 330 3746 iactabatur
356 3685 508 3764 fluctibus.
553 3686 640 3745 Mare
670 3686 837 3762 significat
854 3687 1009 3763 seculum,
1042 3686 1132 3744 navis
1157 3687 1261 3745 ecete-

223 3902 281 3957 1¹2.
310 3903 492 3970 Propter...
518 3903 691 3970 internorum}
794 3903 851 3955 115.
876 3904 996 3971 Acceptis
1015 3904 1080 3972 eim}
1106 3905 1196 3957 htatth.
1217 3901 1259 3965 14,

152 3986 231 4040 Phth.
248 3987 274 4052 2,
293 3985 386 4039 9-10.
725 3984 766 4040 19.
787 4015 819 4024 -
838 3988 877 4038 Cf.
897 4004 972 4055 supra
992 4005 1016 4040 n.
1033 3989 1075 4042 75.

222 4069 280 4122 1-13.
291 4071 325 4123 Et
372 4071 479 4137 erimus]
490 4072 502 4123 1
513 4071 603 4123 Thess.
613 4069 688 4137 1,16.
794 4070 853 4124 116.
883 4071 1003 4144 Vespere
1016 4072 1082 4141 eto]
1108 4069 1199 4123 itaut:
1214 4070 1260 4135 11,

222 4154 281 4207 111.
299 4155 394 4208 Simile
409 4155 470 4222 etc]
490 4155 689 4223 slauhtais
723 4155 836 4210 23-28.
1212 4190 1217 4199 «
