2836 4852
1120 148 1136 185 et

159 270 221 337 315
275 322 280 329 .
350 284 364 329 .’
467 273 683 396 reponunt
702 260 951 336 Anniocnsnl

158 447 352 524 omnipotens
373 447 432 522 est,
454 462 515 521 quo
537 443 614 505 nihil
635 439 665 481 ⁴⁵
674 442 777 505 ditius.
809 444 908 504 Huius
925 445 1127 523 dispensator
1147 439 1261 508 “erat

156 556 284 632 Paulus,
306 557 368 632 qui,
389 549 420 588 ‘²⁷
429 554 470 614 ad
492 555 590 631 pedes
612 531 792 624 Gamalielis
816 572 924 614 sacras
945 554 1056 615 literas
1078 550 1260 635 ⁴⁸discens,

156 666 259 742 legem
289 667 341 725 dei
369 667 552 740 susceperat
584 665 832 741 dispensandam.
874 659 969 726 4⁹Hio
999 683 1066 725 eum
1096 667 1260 744 coepisset

157 775 321 834 credentes
343 775 375 832 iu
398 773 553 833 christum
581 767 611 806 ⁶⁰
619 776 767 851 persequi
789 777 821 834 et
844 792 962 835 omnam
986 776 1100 836 domini
1122 779 1173 836 sui
1195 777 1260 838 dis·

156 885 258 964 cipere
279 864 500 960 substantiam,
528 877 681 944 ³¹dictum
708 886 758 943 est
780 885 825 943 ei:
868 879 1019 961 ⁶²„Saule
1041 885 1154 963 Saule,
1182 888 1258 963 quid

156 1011 204 1053 me
222 994 461 1071 -persequerisi
511 992 627 1054 Durum
660 996 709 1053 est
743 995 800 1053 tibi
833 999 942 1054 contra
971 997 1127 1056 stimulum
1158 998 1257 1057 calci-

156 1102 277 1162 trarst“
321 1103 469 1180 Dixitque
492 1105 523 1163 in
545 1105 640 1164 corde
662 1120 736 1164 suo:
780 1098 811 1138 ⁶³
823 1104 908 1175 Quid
927 1106 1068 1184 focium?
1111 1100 1258 1183 “Magi-

156 1215 223 1271 ster
244 1211 305 1290 fui,
328 1215 361 1272 et
380 1231 477 1291 cogor
498 1231 569 1274 esse
592 1215 763 1291 discipulus
784 1214 941 1291 Ananiae;
964 1216 1099 1294 villicus,
1121 1218 1155 1275 et
1178 1233 1259 1294 ope-

155 1324 258 1383 rarius
280 1324 311 1382 iu
333 1324 489 1400 gentibus.
533 1322 653 1384 Fodere
675 1343 736 1384 non
758 1324 862 1394 vateo,·
883 1325 984 1384 omnia
1008 1325 1088 1384 enim
1110 1326 1258 1386 mandata

155 1428 273 1514 ⁶⁵legis
296 1435 453 1510 conspicio
477 1435 654 1505 destructa,
685 1435 717 1492 et
739 1434 841 1511 legem
864 1428 939 1493 ⁶⁶ac
960 1435 1134 1513 prophetas
1158 1454 1257 1512 usquc¹

155 1545 195 1604 ad
217 1543 361 1604 loannem
382 1543 558 1620 Baptistam
581 1559 652 1602 esse
675 1543 790 1603 finitos.
837 1542 1018 1605 Mendicore
1038 1546 1200 1606 erubesco.-
1223 1550 1258 1607 ut

154 1647 313 1714 ⁶'scilieet
342 1655 394 1729 qui
426 1655 537 1713 doctor
563 1652 683 1712 fueram
704 1651 888 1714 ludaeorum
916 1670 1013 1730 cogar
1041 1650 1070 1688 ⁶⁸
1080 1656 1121 1716 ad
1143 1659 1257 1734 gentes

153 1781 213 1842 per
231 1764 382 1823 Ananiam
411 1764 595 1840 discipulum
617 1764 762 1822 veritatis
786 1768 819 1823 et
839 1765 913 1823 fidei
936 1766 1111 1825 mendicare
1133 1767 1256 1827 doctri-

153 1891 239 1959 nam.
276 1873 400 1933 Faciam
422 1890 500 1949 ergo
522 1874 605 1948 quod
627 1871 698 1932 mibi
720 1873 798 1932 utile
821 1891 892 1932 esse
915 1891 1089 1955 cognosco,
1114 1879 1164 1954 ut,
1188 1897 1255 1937 eum

151 1985 310 2062 proiectus
337 1986 426 2063 fuero
456 1981 495 2041 de
516 1981 704 2043 villicatione
728 2002 809 2057 mea,
839 1985 994 2063 recipiant
1016 2005 1061 2044 me
1085 1984 1253 2045 Christiani

153 2094 186 2151 io
207 2091 313 2152 domos
335 2112 410 2151 reae.
453 2087 484 2125 ⁶⁹
494 2092 604 2169 Coepit
624 2109 696 2169 θος,
718 2093 770 2167 qui
792 2094 879 2169 prius
901 2094 1113 2161 versabantur
1127 2097 1159 2154 in
1179 2096 1253 2173 lege

154 2203 187 2260 et
208 2201 310 2271 sicin
329 2199 483 2262 Christum
505 2202 704 2262 crediderant
734 2204 769 2261 ut
798 2203 1028 2264 arbitrarentur
1058 2223 1094 2264 se
1121 2206 1153 2264 iu
1181 2207 1253 2282 lege

153 2311 376 2389 iustiticaudos,
400 2314 514 2373 docere
537 2313 639 2391 legem
662 2313 821 2389 abolitam,
843 2311 1013 2392 propbetas
1036 2310 1255 2394 ⁶⁰transiisss,

153 2421 186 2481 et
216 2409 296 2498 quae
329 2424 420 2483 antea
453 2418 619 2483 ⁶¹fuerant
648 2434 710 2501 pro*
739 2424 827 2484 luoro
860 2425 892 2483 iu
924 2427 1065 2486 stercora
1096 2425 1253 2503 deputari.

151 2691 197 2728 nes
212 2674 360 2744 Hieronymi
376 2677 421 2744 (:
433 2678 481 2745 H.)
498 2676 682 2745 discrepantes.
769 2676 811 2731 54.
836 2679 958 2744 Magister
986 2717 992 2730 .
1012 2717 1019 2732 .
1039 2719 1045 2732 .
1070 2681 1096 2732 in
1120 2678 1250 2747 gentibus]

124 2819 125 2822 ,
151 2791 185 2802 -
203 2763 259 2815 Hoc
271 2765 435 2830 fragmentum
448 2763 579 2815 admodum
593 2763 683 2814 vitiose
717 2761 788 2816 sert.
807 2768 887 2830 apost.
909 2763 1085 2826 9,17-18.
1120 2765 1154 2820 H.
1182 2765 1252 2832 qnia,

152 2848 266 2901 exhibuit
277 2849 396 2902 Maraces
412 2851 449 2915 (p.
462 2847 535 2916 001),
555 2864 587 2901 ex
600 2846 683 2908 Wolfii
718 2850 761 2916 qui
779 2850 898 2915 magister
923 2851 958 2901 toi
983 2854 1009 2903 et
1031 2851 1145 2916 villicos,
1174 2864 1253 2918 cogor

152 2932 261 2985 editione
281 2926 524 3002 (Praet.p.49sq.)‚
542 2934 567 2986 in
585 2949 634 3002 qua
651 2947 683 2985 ex
718 2950 775 2987 esse
794 2934 929 3002 discipulus
948 2940 975 2988 et
992 2937 1135 3003 operarius.

152 3016 279 3073 Grabisno
299 3021 434 3089 spicilegio
453 3023 590 3091 repetitum
608 3025 654 3074 est.
768 3021 809 3073 55.
826 3019 890 3086 legis
904 3020 1044 3090 conspicio]
1062 3021 1096 3073 H.
1109 3019 1176 3087 legis
1187 3035 1253 3088 quae

201 3105 244 3158 45.
263 3105 349 3175 ditius]
371 3107 405 3158 H.
424 3112 464 3159 est
481 3107 566 3160 ditius.
716 3111 800 3160 terrae
818 3107 968 3159 irtcubabant
985 3121 1070 3160 cerno.

202 3189 244 3242 46.
263 3191 328 3259 crat]
348 3193 381 3243 H.
401 3196 448 3243 est.
768 3191 810 3244 56.
827 3192 866 3260 ac]
884 3193 918 3244 H.
932 3197 1016 3260 atquc.
1036 3189 1252 3258 ct.1.ue.1o,16.

202 3275 244 3327 47.
263 3275 361 3327 ad...
380 3275 491 3344 discens]
511 3276 581 3328 Actt.
600 3279 681 3343 apost.
768 3277 810 3329 57.
828 3277 937 3346 seilicet]
956 3277 1033 3348 Apud
1052 3277 1086 3330 H.
1104 3277 1187 3330 deest.

150 3358 191 3424 22,
210 3359 234 3410 3.
767 3362 810 3415 58.
828 3361 858 3414 ad
877 3367 967 3428 gentes
1048 3367 1075 3414 et
1092 3361 1164 3432 fidei]
1184 3349 1253 3415 H.a

199 3445 243 3498 48.
262 3443 370 3510 discens,
388 3445 481 3513 legem]
500 3445 533 3498 Η.
548 3444 634 3499 didicit
647 3449 681 3497 et.
715 3448 833 3513 gentibus
851 3452 877 3498 et
892 3463 905 3499 a
922 3447 1044 3516 discipulo
1061 3447 1162 3501 Ananis
1180 3446 1253 3500 salu-

200 3530 244 3586 49.
262 3532 321 3600 Hic]
341 3532 376 3586 H.
396 3531 453 3598 Qui.
713 3535 747 3586 tis
766 3548 794 3584 ac
811 3532 882 3584 fidei.
1075 3592 1078 3597 ⁵

201 3617 243 3671 50.
268 3616 400 3686 persequi]
428 3617 462 3671 H.
485 3617 621 3686 persequi,
647 3616 679 3669 li·
764 3619 807 3673 59.
826 3617 927 3686 Coepit]
945 3618 979 3671 H.
999 3619 1148 3688 coepitque.

149 3719 223 3773 gare,
242 3704 365 3758 occidere.
566 3765 569 3771 ,
765 3703 806 3759 50.
836 3705 993 3773 transiisse]
1018 3705 1052 3757 H.
1080 3705 1251 3772 praeterisse.

200 3790 243 3844 51.
261 3789 354 3842 dietum
372 3795 412 3844 est
430 3790 464 3859 ei]
492 3790 525 3844 H.
544 3794 678 3859 correptus
712 3792 764 3844 Pro
790 3791 963 3859 „propbetas“
990 3790 1040 3858 (sic
1058 3791 1133 3842 etiam
1152 3789 1252 3858 aliquot

148 3877 280 3930 adomino
300 3879 348 3929 est.
712 3876 862 3942 Hieronymi
881 3876 992 3941 codices)
1018 3875 1156 3928 vallarsius
1181 3874 1250 3928 male

198 3963 241 4018 52.
261 3961 338 4015 Saule
438 3961 581 4031 calcitrare]
607 3964 678 4016 nest.
713 3960 897 4030 ,‚propbetias“
916 3961 993 4015 dedit.

148 4056 230 4121 apost.
250 4048 275 4116 9,
293 4047 369 4102 4-5.
764 4047 806 4100 51.
832 4048 933 4099 fuerant
959 4045 1082 4113 pluero
1111 4044 1138 4097 iu
1168 4048 1247 4099 sterc.

197 4137 240 4190 53.
268 4137 338 4202 Quid
360 4132 472 4204 facicm]
502 4135 572 4187 Aett.
597 4137 679 4202 apost.
713 4134 781 4202 dep]
808 4131 873 4185 Phil.
892 4131 917 4194 3,
936 4130 1022 4188 7-‚8.
1058 4130 1091 4182 Η.
1109 4144 1157 4198 pro
1175 4131 1248 4184 lucre

147 4222 190 4288 22,
207 4220 248 4275 10.
712 4220 813 4274 tuerent
829 4218 942 4287 reputnrl
957 4218 985 4272 iu
1002 4220 1126 4270 mersura.
