2836 4852
461 250 518 319 An
540 248 785 320 duronicum
809 251 887 319 LlB.
906 253 960 318 111.
1201 256 1264 324 2⁰1

153 426 301 489 eonveuit
330 427 391 502 qui·
409 427 441 486 iu
459 427 688 506 philosophiae
710 428 808 490 ehoro
831 430 1029 489 erraverunt.
1073 429 1122 491 Ao
1144 432 1265 509 primus

156 536 280 612 quidem
301 535 413 614 Plato,
431 538 497 613 :qui
524 539 643 598 maiore
668 554 737 598 eum
759 538 913 614 dignitate
932 540 1019 599 iuter
1041 554 1097 599 eos
1116 540 1279 617 philoso-‘

154 644 270 722 phatus
294 645 437 722 videtur,
467 647 587 707 diserte
615 648 654 707 iu‘
668 647 770 724 primo
800 647 840 706 de
860 647 1034 724 Republioa
1057 649 1142 709 iihro
1163 651 1279 710 sauuit·

153 753 256 813 veluti
278 749 403 829 quidam
431 753 598 832 legislator
627 758 797 816 commones
820 768 882 816 erae
903 755 1012 817 dedere
1032 758 1162 818 emnium
1184 778 1272 819 eme-1

153 879 227 930 ees.
247 864 377 923 auotore
400 865 491 923 uteus
514 862 599 923 lovis
621 863 688 922 filio
718 865 751 923 et
778 861 973 925 Cretensium
995 865 1183 942 legislatore
1192 872 1204 944 ,'
1229 870 1268 928 ut

152 986 213 1048 per
236 971 326 1031 haue
340 973 536 1032 oooasiouem
560 972 715 1032 foedanda
739 972 848 1049 proles
871 975 1050 1034 extalibus
1073 978 1278 1055 uaseereturs

153 1081 245 1140 simul
268 1080 351 1156 quod
375 1081 428 1156 qui
449 1082 578 1141 labores
600 1081 744 1142 subirent
764 1080 822 1140 tali
844 1083 1070 1144 eonsuetudiue
1093 1086 1264 1161 oportebat

110 1260 111 1264 ρ
154 1188 301 1248 solatium
323 1188 452 1250 hahere.
497 1189 592 1250 Immo
614 1189 786 1267 Epicurus,
815 1193 1035 1268 praeterquam
1066 1194 1149 1268 quod
1172 1195 1276 1255 deum·

157 1313 219 1357 uou
241 1315 313 1357 esse
336 1299 445 1376 doeet,
467 1302 581 1361 suadet
602 1301 637 1359 ut
659 1309 727 1360 eum
740 1299 900 1359 matribus
924 1302 957 1359 et
979 1303 1142 1362 sororibus
1165 1301 1267 1365 ooitus
1343 1365 1345 1368 .

153 1408 406 1483 οποοοοοοαο,,οο
429 1409 554 1483 quidem
576 1410 686 1468 eontra
708 1407 799 1484 leges
823 1423 903 1482 quae
920 1407 952 1467 id
966 1410 1146 1484 prohibent.
1181 1410 1264 1472 >Nam

156 1514 254 1574 Solon
284 1514 377 1572 etiam
407 1531 445 1574 ea
475 1516 515 1574 de
545 1532 580 1574 re
607 1515 711 1591 legem
732 1517 852 1575 diserte
875 1517 1025 1595 sauoivit‚
1055 1521 1090 1580 ut
1112 1536 1153 1579 ex
1174 1523 1267 1598 patre

154 1622 350 1682 matrimonio
381 1622 544 1688 coniuncto
567 1622 708 1699 legitime
736 1621 830 1684 liberi
858 1627 1043 1704 nascautur,
1072 1635 1132 1689 uon
1161 1629 1275 1690 autem

166 1872 168 1876 '
225 1871 250 1924 7.
276 1873 399 1941 γίνηται]
428 1872 501 1926 Bodl.
521 1878 547 1926 et
566 1874 625 1927 Par.
651 1873 692 1942 pr'-
797 1872 839 1927 1⁰.
859 1873 972 1945 Σόλων]
998 1877 1036 1929 Ita
1054 1875 1177 1931 suadente
1193 1878 1265 1931 Wol-

156 1975 242 2013 vason.
264 1959 338 2011 Woii.
356 1959 443 2011 maliet
462 1957 583 2026 γένηται.
728 1957 763 2010 fio
781 1973 803 2011 ο.
821 1951 948 2027 Humphr.
972 1975 1019 2029 pro
1039 1964 1108 2029 vulg.
1128 1965 1267 2029 Σολομῶν

222 2043 248 2096 8.
267 2043 346 2111 χρῆν]
366 2044 429 2094 Veh.
443 2043 574 2110 etBodi.;
592 2048 619 2096 at
634 2043 692 2094 Par.
726 2041 793 2109 lego.
826 2043 958 2108 Errorem,
977 2045 1044 2113 quod
1062 2047 1149 2113 seiam,
1167 2049 1267 2115 primus

153 2125 205 2196 χρὴ
228 2128 304 2197 idque
326 2128 400 2180 Wolf.
421 2133 447 2181 et
465 2128 692 2196 Huurphr.reee-
726 2129 861 2196 perspexit
879 2129 987 2195 Vigerue
1008 2131 1039 2183 ad
1057 2131 1154 2185 Euseb.
1173 2132 1264 2200 Praep.

154 2217 256 2281 peruut.
280 2214 378 2265 Mareu.
398 2216 478 2265 totum
497 2212 578 2265 locum
597 2227 692 2280 perpe·
727 2226 765 2262 ev.
780 2226 805 2277 p.
818 2210 861 2264 26.
889 2213 986 2267 Eadem
1001 2217 1102 2268 uomina
1116 2214 1181 2283 apud
1199 2218 1265 2284 Hip-

154 2313 209 2350 rem
230 2298 432 2350 eonstituit'sie:
511 2299 692 2364 παραμοθοῒ-
726 2294 840 2361 polytum
858 2296 945 2349 Reiut.
964 2313 1032 2352 omn.
1058 2301 1159 2353 haeresi
1180 2302 1222 2353 vi.
1242 2316 1265 2352 e.

155 2384 224 2437 σθαι
251 2378 432 2449 (Ἐπίκουρος
536 2382 691 2448 ουμμίγαο-
725 2376 760 2432 22
786 2380 838 2447 (ed.
855 2381 1001 2449 Duuoker.)
1025 2398 1050 2450 p.
1068 2381 1121 2437 268
1146 2390 1172 2438 et
1199 2386 1264 2439 cos·

153 2468 235 2534 σθαι)
254 2466 301 2520 καὶ
316 2461 470 2533 adesset„
491 2482 599 2519 eeuseus
616 2467 692 2519 uerba
727 2479 791 2516 uuam
820 2464 944 2536 ludieupi.
971 2467 1018 2519 xli
1053 2469 1174 2532 (Colieot.
1204 2484 1264 2522 uer.

153 2552 202 2604 ista
229 2553 301 2604 uncis
325 2551 422 2604 inclusa
447 2555 579 2619 paternam
605 2549 692 2603 sedem
727 2553 789 2602 veit.
818 2553 884 2615 patr.
915 2549 954 2602 ed.
983 2552 1135 2620 dionisam.)
1162 2568 1186 2620 p.
1214 2554 1265 2608 342

153 2637 289 2704 requirere
306 2640 368 2705 post
385 2629 423 2696 ds
440 2631 479 2703 μή
498 2632 616 2701 πατέρα.
727 2636 920 2684 commutantur.
952 2634 1151 2698 „coniecturam
1171 2636 1265 2690 coufir-

222 2719 248 2773 9.
276 2716 419 2787 natoriae
443 2739 468 2772 τ.
495 2738 519 2771 r.
544 2720 601 2771 τῶν
627 2715 692 2771 τόδε
727 2722 793 2785 urat,
821 2717 888 2784 quod
909 2733 961 2771 nou
980 2725 1101 2785 appareat
1120 2722 1164 2787 qui
1181 2723 1266 2774 Theo-

153 2805 233 2873 παπ]
259 2805 362 2857 Habent
386 2806 449 2857 Veh.
468 2803 541 2856 Bodi.
562 2805 620 2858 Par.
645 2801 692 2856 nod
726 2803 811 2870 philus
835 2803 907 2869 leges
934 2817 1076 2856 memorans
1101 2805 1132 2857 ad
1151 2806 1267 2860 Salomo-

153 2873 219 2956 πορὶ
242 2906 268 2943 τ.
287 2907 311 2941 o.
333 2890 391 2942 τῶν
415 2884 480 2942 τότε
505 2888 549 2954 (τό
569 2906 598 2942 τε
616 2887 692 2940 Bodl.
726 2892 785 2939 uem
802 2901 943 2960 provooare
962 2890 1093 2956 potuerit,
1121 2906 1195 2958 quem
1214 2906 1265 2945 uon

157 2977 185 3027 et
203 2974 277 3041 Par.)
296 2976 373 3026 ami.
396 2973 492 3025 Loeum
515 2973 602 3025 sanari
627 2973 693 3025 seri·
726 2977 778 3024 taur
811 2973 883 3039 leges
913 2974 1029 3026 sanxisse
1057 2976 1082 3027 iu
1110 2976 1182 3028 libris
1212 2978 1266 3030 suis

153 3057 236 3112 heudo
254 3055 327 3124 πέρα
352 3072 399 3126 pro
423 3058 488 3126 περὶ
512 3063 539 3110 et
556 3058 623 3111 τόδε
646 3071 692 3124 pro
727 3071 800 3124 quam
816 3057 883 3108 bene
894 3056 999 3121 vivendi
1013 3063 1149 3125 praesepta
1165 3059 1266 3114 dedisse

153 3157 227 3198 sose.
264 3143 345 3198 Gesu.
370 3144 522 3196 Duuhior.
547 3140 692 3208 astatore
727 3141 809 3207 palam
833 3145 882 3193 eat.
918 3141 954 3194 Et
974 3144 1018 3208 qui
1037 3143 1142 3210 Epicuri
1167 3145 1266 3211 placitis

153 3247 178 3281 τ.
195 3247 220 3281 α.
234 3231 292 3282 τῶν
306 3228 392 3281 τοῦτο
407 3232 479 3292 aaut..
498 3229 563 3297 Feli.
577 3232 603 3280 et
616 3229 692 3280 Woii.
727 3230 871 3292 opponeret
881 3227 952 3292 leges
963 3229 1033 3294 regis
1046 3229 1223 3287 Hebraeorum
1232 3231 1266 3282 Ψ*

154 3312 255 3378 καίπερ
273 3332 296 3366 τ.
312 3332 336 3366 α.
354 3314 411 3366 sodo
428 3314 513 3372 τοῦτο
531 3317 597 3366 aet.
617 3313 691 3377 (irase
727 3310 829 3377 Aderat
847 3311 948 3378 quidam
968 3313 1055 3366 Feilua
1074 3313 1153 3368 Pror.
1172 3316 1198 3379 5,
1217 3315 1267 3383 153

155 3398 298 3452 emendatio
317 3399 339 3459 si
357 3397 511 3451 admittenda
535 3399 618 3461 toret,
645 3412 692 3465 po·
727 3392 772 3446 sed
791 3393 821 3446 ad
839 3395 864 3446 h.
879 3395 897 3446 l.
915 3396 1027 3464 scriptor
1045 3402 1135 3450 uester
1153 3413 1204 3451 uou
1222 3414 1267 3451 re-

153 3483 320 3537 ateriuerrde
337 3482 567 3550 determinaret),
586 3481 650 3536 hia'r.
667 3488 693 3534 et
727 3479 822 3546 spexit,
841 3481 992 3546 praesertim
1006 3495 1087 3547 *quum
1105 3482 1189 3552 paullo
1208 3487 1274 3550 post

153 3567 281 3635 Humphr.
306 3565 355 3620 uui
374 3566 446 3632 πέρα
463 3585 487 3619 τ.
507 3586 532 3620 α.
551 3567 609 3619 saio
632 3568 694 3632 (hoe
728 3562 831 3616 disertis
858 3565 942 3616 verbis
961 3570 1075 3618 caeteras
1093 3568 1267 3621 Romanorum

153 3652 211 3704 sois
226 3653 290 3704 dier.
306 3665 395 3704 errore
411 3651 510 3718 omisit)
528 3654 614 3711 sedeo
628 3653 693 3704 nei.
728 3653 754 3701 et
768 3649 925 3702 Graecorum
939 3648 1009 3714 teges
1025 3655 1157 3718 memoret,
1176 3654 1267 3720 quibus

155 3737 241 3802 Leges
267 3739 366 3802 autem,
394 3735 425 3788 ad
449 3751 512 3803 quas
537 3736 693 3806 Theophilus
727 3733 827 3785 scilieet
852 3732 894 3783 illa
922 3732 1025 3786 Solonis
1052 3734 1094 3787 lex
1120 3738 1265 3803 praeiverit

155 3825 294 3889 provocat,
325 3824 429 3873 exeteut
454 3823 507 3871 tum
535 3820 693 3874 Graeoorum
729 3816 818 3870 Simile
836 3817 1003 3872 librariorum*
1016 3825 1147 3888 peceatum
1170 3820 1225 3875 vide
1244 3837 1265 3873 e.

155 3910 212 3957 tum
229 3905 411 3957 Romanorum.
440 3904 493 3956 Has
511 3902 693 3972 SertuaEmp.
728 3901 753 3957 7.
773 3900 861 3954 u.10.
1270 3939 1272 3942 Α
1339 3946 1341 3949 .

156 3988 249 4055 Pyrrh.
267 3989 335 4056 Hyp.
355 3989 403 4040 ΙΙΙ.
421 3986 456 4040 24
475 3993 612 4053 memorat,
636 3987 693 4041 ittae
796 3986 838 4039 11.
856 3988 1001 4057 plausores]
1023 3989 1097 4044 Bodl.
1116 3994 1142 4042 et
1162 3989 1220 4040 Par.
1240 3989 1267 4040 et

156 4074 321 4129 Herodianus
339 4073 382 4125 iit.
399 4073 420 4125 1.
439 4088 462 4128 e.
478 4071 503 4126 6.
729 4070 811 4124 (iesu.
831 4072 965 4139 γίνονται.
1056 4091 1058 4096 ’
