2836 4852
447 256 504 319 An
526 257 770 320 Aesoniden
791 258 868 319 Llll.
888 255 926 319 ll.
1200 257 1262 322 157

155 428 265 487 storioi
299 428 441 486 dicuntur
474 444 582 488 verum
613 431 645 488 in
675 429 721 491 bis
751 431 847 490 rebus
875 430 982 488 dicero
1015 430 1135 504 potuit,
1170 447 1262 505 quum

156 539 253 596 multo
275 521 470 612 posteriores
493 538 675 596 exstiterint
705 554 743 598 ac
763 539 885 597 turbam
914 538 1042 597 deorum
1071 539 1261 616 induxerint,

155 647 265 720 utpote
286 646 339 719 qui
362 647 410 703 tot
432 645 521 703 annis
540 650 614 721 post
635 647 730 705 urbes
755 646 853 721 geniti
880 644 997 704 inerint
1025 650 1057 703 et
1078 647 1208 722 regibus
1230 650 1263 705 et

155 754 302 828 gentibus
333 756 365 812 et
392 753 487 812 bellis
517 755 658 814 iuniores
683 755 771 815 sinti
815 753 981 813 Debebunt
1000 754 1081 812 enim
1104 755 1153 813 illi
1175 771 1262 814 men·

155 863 271 921 tionem
294 861 400 920 iacere
422 863 554 922 omnium
577 864 669 922 etiam
691 879 798 923 eorum
822 879 902 938 quaa
925 864 998 920 ante
1017 863 1166 922 dilnvium
1184 879 1262 922 eve-

156 972 286 1045 nerunt,
309 976 341 1028 et
364 971 403 1030 de
423 972 527 1030 mundi
549 973 670 1048 origine
693 976 726 1030 et
747 973 880 1032 bominis
903 972 1063 1030 creatione
1084 969 1184 1045 iisque
1207 987 1261 1030 re·

155 1079 213 1137 bus
244 1095 324 1152 quae
348 1079 497 1156 deinceps
528 1081 726 1157 contigerunt
755 1084 900 1141 accurate
924 1081 1152 1156 Aegyptiorum
1184 1095 1262 1156 pro-

122 1256 128 1270 ,
154 1187 271 1262 phetae
300 1192 332 1245 et
355 1185 506 1246 Chaldaei
538 1191 570 1248 et
593 1190 712 1248 caeteri
735 1191 908 1266 scriptores
936 1189 1112 1263 disserere,
1140 1190 1166 1248 si
1190 1189 1262 1264 qui-

154 1296 223 1354 dem
246 1296 352 1354 divino
371 1302 404 1354 et
425 1313 504 1372 puro
535 1298 648 1374 spiritu
670 1296 877 1373 loquebantur
898 1314 935 1356 ac
957 1314 1033 1356 vera
1056 1298 1259 1373 nuntiabant3

152 1419 211 1463 nee
240 1405 414 1480 praeterite
448 1394 547 1464 solum
584 1410 638 1464 ant
676 1403 857 1482 praesentia
889 1407 946 1464 sed
984 1421 1022 1463 ea
1058 1407 1151 1463 etiam
1181 1421 1262 1479 quae

153 1512 267 1570 mundo
299 1504 462 1570 eventura*
481 1514 573 1570 erant
599 1514 815 1588 praenuntiari
842 1513 882 1572 ab
914 1512 954 1569 iis
985 1513 1163 1588 oportebat.
1213 1511 1261 1571 Ex

155 1635 216 1693 que
241 1621 328 1695 patet
357 1621 500 1678 caeteros
524 1635 630 1678 ornnes
658 1630 803 1696 errasse,
833 1619 1027 1679 Christianos
1050 1624 1152 1680 eutem
1174 1621 1261 1680 solos

155 1728 320 1785 veritatem
343 1727 611 1805 apprehendisse,
642 1729 757 1805 quippe
781 1726 872 1804 quum
896 1746 912 1789 a
936 1724 1049 1805 spiritu
1072 1732 1180 1789 sancto
1201 1730 1261 1788 do·

154 1847 287 1911 ceamur,
313 1837 364 1910 qni
386 1836 509 1904 locutus
527 1841 583 1895 »est
605 1838 637 1895 in
659 1839 776 1896 sanctis
799 1834 962 1913 prophetis
986 1842 1018 1896 et
1040 1839 1142 1897 omnia
1164 1842 1282 1914 prae·'

152 1945 315 2003 nuntiavit.

240 2056 290 2111 et.
314 2054 501 2128 Atqueiem
525 2059 577 2115 tua
599 2057 724 2114 intersit
747 2056 904 2114 benevolo
927 2055 1028 2114 animo
1052 2057 1188 2115 scrutari
1207 2072 1260 2115 res

155 2164 294 2237 divinas,
317 2163 377 2223 boc
400 2168 450 2223 est
472 2181 509 2223 ea
524 2159 610 2240 'quae
632 2182 649 2223 a
670 2163 837 2240 prophetis
861 2164 945 2223 dicte
967 2167 1053 2239 sunt,
1076 2166 1111 2222 ut
1129 2167 1259 2222 conten·

156 2272 242 2330 tione
264 2270 346 2330 facta
370 2261 409 2330 et'
423 2289 529 2333 eorum
554 2290 635 2348 qnae
657 2289 675 2331 a
698 2267 787 2332 uobis
810 2275 843 2331 et
866 2289 972 2331 eorum
996 2289 1076 2348 quae
1093 2272 1261 2333 aeaeteris

156 2381 299 2439 dicuntur
320 2381 425 2456 possis
448 2398 556 2440 verum
573 2382 724 2440 invenire.
760 2379 891 2439 Nomina
912 2381 1007 2459 igitur
1030 2382 1158 2440 deorum
1181 2397 1261 2456 quos

148 2491 269 2547 uocant
290 2490 373 2564 apud
397 2505 453 2548 ecs
481 2491 605 2549 nomina
627 2490 781 2548 hominum
803 2505 892 2564 esse,
918 2492 957 2548 ‘ut
979 2506 1074 2564 supra
1102 2491 1260 2564 signitica-

155 2597 272 2671 vimus,
309 2613 348 2655 ex
377 2598 456 2674 ipsis
482 2598 624 2657 historiis
662 2614 739 2670 quas
773 2597 931 2684 scripsere
965 2598 1258 2657 demonstravimus.

141 2703 308 2781 ‘Imagines
332 2708 434 2766 autern
462 2720 567 2766 eorum
591 2705 730 2779 quotidie
757 2706 798 2763 ad
820 2704 880 2763 hoc
902 2720 1000 2780 usque
1023 2705 1260 2793 tempus-eltin-

113 2943 120 2955 ‚
155 2883 235 2951 γένος
255 2885 374 2952 Μάγων.
404 2886 477 2938 Curi.
497 2885 623 2948 5,1.22.
651 2886 689 2937 ct.
782 2887 819 2953 .3·
836 2882 866 2939 ἐν
879 2888 939 2946 τοῖς
952 2882 1057 2954 ἐπάνω]
1073 2885 1154 2939 G.2.:
1174 2881 1260 2941 ‘Ono‘-

156 2971 252 3023 Winer.
264 2958 332 3023 Btbl.
347 2971 536 3025 Reulwdrterb.
552 2970 604 3036 (ed.
614 2971 643 3038 2)
659 2970 688 3021 Τ.
725 2989 777 3023 ταν
795 2967 848 3038 peip
872 2966 1048 3038 ἐντυγχάνειν
1073 2975 1135 3032 ταῖς
1156 2972 1260 3040 pavicu-

155 3057 176 3109 l.
194 3072 219 3123 p.
239 3053 298 3107 ete.
331 3049 493 3123 l’erliculnr}⁸
514 3059 632 3126 usurpata
651 3060 691 3107 est
725 3073 770 3111 οιν
788 3051 891 3122 αὐτῶν,
910 3053 948 3118 ὧν
968 3051 1139 3122 drocenses
1155 3055 1262 3120 αὐτούς

156 3145 184 3192 ut
200 3155 221 3192 c.
237 3138 270 3191 12
286 3133 414 3208 φιλαοῆ
429 3157 521 3207 ocpyp.
535 3139 582 3193 καὶ
596 3157 689 3206 nunpt-
725 3146 824 3195 νοεῖτε.
862 3142 889 3193 C.
906 3143 938 3217 ¹7:
964 3142 1021 3195 Kal
1042 3135 1087 3194 ὅτι
1106 3133 1186 3195 οὗτοι
1210 3138 1261 3196 ἄν·

223 3223 248 3276 6.
267 3221 321 3276 Aeo*
397 3223 603 3293 διδασκόμεθα]
625 3224 688 3277 coll·
724 3230 839 3294 θρωποι
857 3227 904 3280 καὶ
923 3223 958 3279 οὗ
976 3225 1041 3281 θεοὶ
1059 3224 1260 3296 ἐγεννήθησαν,

153 3307 170 3360 1
189 3307 249 3360 cor.
267 3307 293 3372 2,
312 3308 337 3361 7.
357 3309 382 3361 8.
401 3309 442 3362 10.
724 3309 757 3368 τό
776 3311 857 3380 γένος
876 3309 973 3366 edesio
997 3309 1081 3367 edroi
1107 3315 1260 3382 (scriptores

221 3392 247 3444 7.
266 3392 313 3445 ecl
330 3388 378 3462 τὰ]
399 3395 462 3447 Ven.
482 3394 600 3449 elfled.
618 3390 688 3446 κατὰ
724 3401 869 3464 gentilium)
894 3397 1102 3466 καταλέγουσιν.
1140 3399 1168 3451 G.
1186 3399 1210 3451 8.
1231 3416 1259 3469 p.

154 3489 253 3527 errore.
289 3477 330 3529 llx
354 3477 401 3528 trec
426 3478 481 3529 loco
506 3478 574 3529 Sam.
596 3477 688 3529 Gurdi-
723 3481 765 3536 86.
785 3483 815 3534 B.
856 3484 944 3550 comp.
963 3484 1005 3536 lib.
1029 3485 1049 3536 l.
1075 3483 1147 3536 ene
1172 3485 1211 3550 (n.
1230 3485 1260 3549 1)

153 3575 232 3625 ueros
258 3560 330 3626 (Fid.
351 3563 415 3614 calb.
438 3564 504 3615 circa
523 3578 544 3613 s.
563 3563 643 3614 trinit.
663 3577 688 3629 p.
724 3566 809 3622 et1tl.

152 3644 200 3710 48)
219 3646 375 3698 assentiento
391 3645 483 3698 Wolfio
500 3645 602 3699 conficit
620 3646 687 3698 Tbe-

153 3730 264 3795 opbilum
290 3732 407 3796 spiritum
431 3736 545 3783 sanetum
563 3747 609 3799 pro
627 3747 687 3799 per·
746 3767 750 3771 ι
793 3700 818 3752 4¹
845 3696 885 3797 ἐξ]
914 3699 978 3752 Μ’
1006 3703 1032 3752 ‘t
1057 3701 1206 3797 W⁰¹ffim
1232 3697 1261 3768 ἐξ

153 3827 214 3865 sone
234 3829 314 3881 euque
333 3816 454 3868 omnisclu
473 3816 621 3875 babuisse.'
724 3790 810 3856 ⁰⁰⁰⁸*
829 3783 938 3836 ΜΝ·
1229 3855 1232 3860 ,

223 3899 247 3950 1.
266 3897 462 3966 φιλοφρόνως]
489 3888 551 3952 len.
571 3899 687 3952 etBodl.
792 3901 816 3954 5.
838 3895 1033 3968 ἀπεδείξαμεν]
1060 3901 1099 3955 Gt.
1117 3917 1153 3954 ce.
1170 3900 1259 3952 2-7.

154 3983 190 4034 An
208 3984 276 4042 ller,
296 3988 322 4034 et
339 3984 406 4036 Fell.
425 3981 618 4050 φιλοφρόνων.
722 3985 820 4037 Menan.
840 3986 928 4038 mallet
947 3981 1108 4052 ἀπέδειξαν.
1136 3985 1190 4038 Sed
1203 3986 1260 4037 vul·

221 4066 247 4120 2.
271 4061 365 4136 ἡμῶν]
395 4069 456 4120 ven.
482 4073 508 4122 et
526 4068 600 4121 Bodl.
637 4068 689 4122 Sed
723 4073 795 4135 gatte
814 4070 1038 4127 meliuscouuenit
1056 4067 1084 4134 ἐξ
1100 4089 1128 4125 α.
1144 4088 1168 4121 r.
1184 4069 1259 4123 tcto·

154 4153 399 4208 cernerentur.
419 4151 589 4220 Felieipeiv.
724 4154 800 4220 pecie.
851 4165 853 4169 ’
892 4199 906 4224 ,
