2836 4852
212 306 322 360 xuvrn
575 280 952 374 Pnouso'oliunn.

212 486 339 545 eo‘rum
374 493 468 563 quae
500 476 762 566 praedixerunt
788 475 849 567 (c.
876 478 933 568 9).
984 474 1030 546 lli
1045 494 1195 548 summo
1221 495 1315 547 cou-

212 612 322 670 11111
346 601 548 671 docueruut
573 603 744 674 muudum
766 623 788 672 a
814 604 885 672 deo
908 608 978 693 per
1001 603 1113 691 logon
1133 622 1180 671 ex
1196 602 1314 674 nihilo

212 732 374 812 creatum
398 726 514 796 luisse
539 727 693 818 (1.-10).
746 724 846 819 Opus
870 748 937 797 sex
964 727 1106 798 dierum
1129 729 1315 799 describi-

210 852 331 922 turin
359 853 453 923 libro
485 850 636 923 Genesis
672 856 723 944 (1.
749 854 832 943 11).
874 853 972 924 ³lude
996 828 1196 944 scriptores
1211 874 1315 944 ‘gen-

210 977 295 1046 tiles
315 979 490 1048 nounulla
513 976 724 1072 hauserunt,
753 982 820 1049 sed
845 1000 889 1050 ea
913 998 1042 1051 errore
1067 985 1315 1069 corruperunt

212 1105 263 1193 (1.
288 1104 368 1194 12).
419 1103 496 1175 lam
520 1104 747 1196 Theophilus
786 1107 896 1197 plura·
930 1104 1079 1194 exponit
1115 1104 1160 1173 de
1194 1104 1314 1174 tribus

209 1228 336 1319 primis
373 1229 520 1299 diebus:
556 1206 694 1300 scilicet
724 1232 814 1300 deus
844 1230 983 1300 initium
1019 1228 1119 1298 ducit
1151 1230 1198 1299 ab
1228 1230 1314 1319 ipso

211 1355 384 1452 eulmine;
410 1354 577 1446 spiritum
597 1357 710 1425 rebus
736 1356 890 1444 creatis,
922 1361 963 1426 ut
988 1356 1142 1426 animam
1164 1354 1313 1449 homiui,

210 1480 357 1572 tribuit3
392 1468 545 1573 terram,
573 1481 676 1568 aquis
703 1482 871 1575 remotis,
907 1486 1015 1551 ornat
1040 1479 1166 1551 herbis
1194 1481 1312 1551 semi·
1372 1572 1375 1578 4

209 1609 316 1678 nibus
348 1606 481 1697 plantis
517 1606 570 1694 (c.
595 1608 675 1698 13).
716 1607 779 1677 ln
811 1607 869 1677 his
904 1606 1081 1677 habemus
1117 1591 1315 1697 imaginem
1414 1685 1416 1690 ,

209 1731 510 1834 resurrectionis,
548 1732 585 1800 in
622 1735 714 1804 mari
752 1733 945 1823 imaginem
981 1732 1104 1803 muudi
1144 1731 1196 1822 (c.
1228 1733 1309 1822 ll).

208 1859 346 1928 Variae
379 1834 691 1927 considerationes
725 1860 772 1927 de
802 1858 848 1926 iis
878 1877 972 1947 quae
1001 1862 1132 1946 quarto
1162 1857 1310 1948 (1.15)

86 2000 89 2005 ’
210 1990 248 2054 11
271 1984 393 2074 quinto
421 1982 472 2071 (1.
500 1982 570 2072 16)
606 1988 642 2052 11
668 1988 774 2052 sexto
800 1983 858 2051 die
883 1989 1008 2053 creata
1037 1987 1121 2052 sunt
1150 1981 1310 2073 (1.17).

145 2181 148 2186 .
208 2108 370 2180 Hominis
392 2107 529 2176 creatio
558 2107 744 2198 singulare
778 2094 968 2198 quidpiam·
994 2106 1109 2178 habet
1139 2106 1311 2198 (c.18):

208 2256 253 2308 11
283 2228 493 2305 declarator
530 2239 567 2303 et
598 2233 706 2304 homo
733 2232 778 2302 -iu
810 2234 987 2325 paradiso
1019 2235 1222 2306 collocatur
1257 2230 1311 2322 ’(1.

209 2363 291 2452 19).
343 2359 585 2450 Apponuntnr
612 2379 705 2449 quae
728 2358 885 2430 iu'libro
913 2357 1067 2429 Genesis
1082 2356 1323 2427 referuntur,

209 2490 256 2560 do
277 2479 464 2579 paradiso,
488 2483 590 2554 Evae
611 2485 900 2577 formatioueic.
919 2485 995 2578 20),
1021 2483 1176 2553 hominis
1200 2483 1310 2572 lapsu

208 2613 346 2707 (121).
397 2609 502 2696 Quod
533 2611 624 2680 dens
653 2613 860 2683 ambulasse
887 2611 925 2681 in
957 2609 1132 2701 paradiso
1166 2607 1309 2701 dicitur,

206 2741 246 2812 id
268 2736 496 2827 Theophilus
524 2737 633 2806 docet
653 2738 700 2808 de
723 2739 811 2829 logo
830 2738 907 2808 eius
928 2735 1202 2825 intelligendum
1224 2740 1309 2800 esse

207 2867 253 2957 (1.
281 2863 356 2952 22).
416 2861 620 2931 Veritatem
658 2867 779 2947 autem
813 2882 938 2932 eorum
973 2861 1141 2951 quaein
1174 2858 1309 2930 Genesi

206 2994 405 3078 narrantur
427 2985 656 3056 manifestam
684 3006 766 3056 1111
794 2989 1019 3058 demonstrat
1043 2989 1091 3057 ex
1116 2969 1309 3056 mulierum

95 3148 97 3153 ·
205 3111 483 3207 parturientium
515 3113 703 3188 doloribus
738 3117 777 3182 et
806 3115 987 3204 serpentis
1019 3118 1118 3184 statu
1155 3113 1201 3203 (1.
1229 3110 1306 3200 23).

73 3328 77 3335 ⁸
204 3240 296 3330 lam,
332 3243 526 3327 postquam
554 3237 718 3328 paradisi
744 3245 911 3310 ornatum
938 3237 1132 3330 descripsit
1157 3237 1204 3328 (1.
1228 3235 1307 3329 24),

206 3365 340 3456 probat
355 3363 724 3435 accusandumdeum
743 3384 815 3460 nou
836 3385 918 3436 esse
941 3366 1040 3455 quod
1060 3364 1161 3453 ligno
1184 3362 1307 3432 scieu-

206 3490 280 3560 tiae
305 3487 485 3560 Adamum
507 3488 740 3578 prohibuerit
766 3492 812 3582 (c.
834 3490 900 3580 25)
926 3497 989 3560 111
1011 3471 1307 3581 praevaricatori

160 3682 163 3689 .
206 3621 361 3687 mortem
376 3614 549 3711 inflixerit
565 3617 611 3706 (c.
629 3616 716 3706 26):
742 3637 810 3687 nec
831 3618 1022 3687 mortalem
1040 3614 1220 3684 Adamum
1237 3632 1308 3682 nec

205 3722 444 3813 immortalem
469 3736 589 3810 creari
616 3748 802 3837 parerat,
823 3743 897 3814 ,sed
924 3748 1099 3834 capacem·
1116 3740 1307 3829 utriusque

157 3952 160 3959 Ι
205 3870 252 3958 (1.
273 3865 349 3956 27).
399 3863 547 3936 Eiectos
569 3867 744 3957 paradiso
769 3867 931 3939 Adamus
957 3864 1129 3958 coguovit
1151 3883 1305 3935 uxorem

206 3978 326 4087 suam,
357 4011 464 4082 quam
496 4006 559 4095 eu·¹
576 3991 654 4076 eius
684 3998 786 4065 costa
814 3994 904 4065 deus
935 3979 1179 4086 formaverat,
1202 3977 1304 4097 utet

205 4117 470 4210 singularitatis
503 4116 562 4189 dei
592 4126 843 4210 argumentum
878 4119 1070 4191 exhiberet
1100 4122 1138 4190 11
1171 4115 1303 4189 coniu-
