2836 4852
423 273 481 340 An
502 271 750 343 euronium
770 272 849 344 ΗΒ.
870 273 910 344 11.
1163 275 1228 346 117

112 412 227 506 audiri
246 439 283 505 in
306 437 418 518 horto,
449 446 483 508 et
504 443 641 509 estimat
651 444 739 530 qnia
760 443 868 511 nudae
887 465 974 518 eam,
996 448 1030 512 et
1048 465 1099 514 me
1118 448 1226 515 occei-

110 551 189 616 taoi.
231 550 282 616 Et
304 551 393 618 dixit
415 551 464 617 ei:
505 552 586 628 Quis
615 553 774 620 indicauit
802 553 865 620 titi
887 554 973 641 qnod
994 555 1103 621 nerine
1123 578 1223 630 essee,

110 659 176 723 nisi
196 660 273 745 quia
295 659 337 725 de
359 655 431 745 ipso
463 659 567 744 tigno,
599 660 641 726 eie
667 683 728 747 quo
754 665 911 750 praecepi
940 663 1002 730 titi
1027 669 1065 729 ut
1092 688 1133 732 es
1162 667 1224 733 troc

111 767 181 833 soto
209 789 271 834 non
298 767 495 840 comederes,
528 769 723 835 comedisti?
764 770 816 837 Et
837 771 927 837 discit
949 773 1114 840 Adamas:
1147 773 1222 839 Mu·

111 875 188 952 tier,
222 897 317 961 peram
345 877 473 942 dedisti
498 878 593 955 mitri,
623 878 700 964 ipsa
732 878 827 945 dedit
855 880 936 944 mitri
964 881 1007 948 de
1027 882 1160 957 arbore,
1189 886 1222 948 ct

111 985 242 1050 comedi.
293 984 345 1051 Et
373 986 463 1052 dixit
493 985 574 1052 deus
600 986 647 1052 ad
675 987 858 1054 mutierem:
900 991 969 1054 Gur
997 992 1058 1056 troc
1085 987 1221 1072 iecisti?

112 1093 162 1159 Et
183 1092 273 1159 discit
294 1094 430 1159 mulier:
453 1096 595 1181 Serpens
616 1095 749 1181 decepit
769 1119 836 1173 me,
860 1102 893 1164 et
914 1098 1049 1164 comedi.
1093 1098 1145 1165 Et
1166 1099 1220 1165 us·-

108 1201 162 1267 eu
183 1202 331 1268 dominus
360 1203 441 1268 deus
464 1203 511 1269 ad
531 1208 730 1290 serpentem:
771 1204 856 1280 Quia
880 1203 994 1288 iecisti·
1016 1208 1093 1285 troc,
1119 1206 1219 1274 mde-

109 1309 218 1377 dictus
239 1315 275 1376 tu
298 1315 391 1392 [esto]
412 1333 492 1398 prae
514 1313 659 1379 omnibus
680 1313 795 1378 bestiis
814 1318 942 1394 terroe;
972 1335 1076 1402 supra
1105 1319 1219 1402 pectus

108 1422 140 1487 et
161 1425 300 1486 ventrem
330 1425 421 1486 tuum
448 1421 614 1504 gradieris
647 1425 680 1487 et
710 1421 873 1508 pulverem
901 1423 1047 1489 comedes
1077 1423 1220 1489 omnibus

107 1528 225 1594 diebus
251 1529 339 1594 oitae
366 1533 454 1594 tuae.
498 1528 547 1594 Et
572 1529 760 1595 inimicitiae
780 1551 896 1616 ponam
917 1532 1058 1598 intente
1079 1535 1113 1597 et
1133 1533 1220 1597 inter

108 1637 272 1702 mutierem
293 1640 391 1722 atque
411 1638 498 1702 inter
516 1658 624 1702 semen
645 1641 734 1702 tuum
754 1641 786 1703 ct
807 1638 893 1705 inter
914 1663 1019 1706 semen
1040 1642 1128 1719 eius;
1149 1641 1221 1727 ipse

108 1750 198 1812 tuum
228 1745 411 1811 observabit
440 1749 557 1832 caput,
587 1748 620 1810 et
650 1749 688 1810 tu
717 1747 787 1811 eius
812 1747 996 1814 oteerootis
1020 1750 1217 1816 calcaneum.

107 1854 157 1920 Et
175 1853 222 1919 ad
242 1855 406 1921 mutierem
427 1855 534 1920 disits
568 1853 826 1940 Muttipticanrio
847 1857 1069 1943 multiplicato
1091 1857 1221 1924 dotores

108 1968 184 2030 tuoe
214 1968 246 2029 et
272 1964 424 2048 gemitum
452 1967 559 2036 tunme
588 1963 622 2025 in
652 1961 763 2028 dotare
782 1965 895 2051 paries
910 1965 1017 2049 filios,
1047 1970 1080 2031 et
1104 1964 1151 2030 ad
1171 1965 1220 2030 oi-

106 2095 176 2138 rum
197 2077 286 2138 tuum
309 2074 372 2139 erit
393 2072 555 2139 conversio
577 2075 646 2146 ina,
669 2075 701 2136 et
720 2073 791 2158 ipse
813 2073 1032 2140 dominabitur
1051 2073 1122 2140 titi.
1164 2071 1220 2138 Ae

107 2183 265 2248 Adamum
295 2185 401 2247 autem
424 2182 530 2246 dicit:
566 2179 656 2255 Quia
678 2181 806 2247 audisti
826 2204 930 2247 oseem
951 2183 1067 2248 uxoris-
1085 2185 1163 2248 tuae
1185 2184 1219 2246 et

108 2291 276 2357 comedisti
303 2291 345 2356 de
374 2289 480 2374 ligno,
512 2288 554 2354 rte
576 2310 636 2373 quo
657 2290 813 2375 praecepi
835 2290 897 2355 tibi
925 2296 962 2357 ut
990 2315 1031 2356 ea
1059 2291 1128 2355 soto
1157 2289 1219 2354 noo

107 2422 170 2464 non
206 2398 404 2471 comederes,
438 2397 615 2462 maledicta
644 2400 738 2477 [esto]
773 2401 865 2464 terra
892 2401 928 2463 in
956 2399 1106 2486 operibus
1134 2398 1219 2477 tnie3

106 2509 148 2572 in
164 2505 440 2574 doiore'comedes
462 2528 531 2570 eam
552 2505 694 2568 omnibus
723 2504 837 2570 diebus
864 2509 951 2573 citae
977 2512 1070 2578 tuae,
1103 2507 1217 2592 spinae

107 2620 140 2681 et
161 2616 300 2681 tributos
323 2614 516 2700 germinabit
538 2613 609 2683 tibi,
633 2617 665 2678 et
685 2613 897 2680 manducabis
918 2615 1048 2680 herbam
1068 2614 1143 2697 agri
1157 2614 1217 2677 tui.

107 2725 148 2790 In
169 2725 288 2790 sudore
315 2725 422 2789 outtees
444 2723 495 2789 tui
515 2723 653 2787 oeeoeris
672 2742 761 2807 pane
782 2725 838 2786 tuo
860 2722 963 2788 donea
980 2721 1158 2788 revertaris
1180 2719 1217 2785 in
1318 2719 1325 2744 '

106 2838 245 2911 terram,
279 2855 320 2899 en
348 2855 411 2919 quo
436 2835 560 2897 sumtus
583 2853 632 2905 es;
662 2850 737 2894 nam
756 2830 866 2918 pntoie
888 2853 923 2897 ee
944 2834 976 2897 et
998 2831 1032 2896 in
1052 2829 1216 2918 pulverem

106 3069 158 3136 lue,
176 3071 288 3122 statuere
306 3084 357 3122 non
377 3067 466 3121 audeo.
494 3066 644 3120 Sedtemen
679 3065 776 3120 christi
802 3065 888 3118 verbis
911 3065 977 3139 Lues
999 3063 1116 3132 1o‚1s:
1147 3063 1217 3116 Ecce

108 3155 137 3206 S.
155 3155 263 3206 loannes
282 3153 384 3219 chrys„
403 3153 445 3220 qui
463 3153 490 3204 in
508 3152 596 3204 estem
615 3165 644 3203 rc
679 3153 741 3204 terti
762 3150 838 3204 cotis
854 3155 1012 3219 potestatem
1030 3151 1151 3204 calcasti
1168 3164 1217 3200 sse-

108 3237 265 3306 Theophilus
293 3236 399 3290 ecclesis
426 3234 561 3288 sacerdotii
587 3250 643 3286 mu·
677 3251 727 3304 per
743 3239 879 3303 serpentes
905 3240 931 3288 et
945 3238 1100 3304 scorpiones
1124 3237 1151 3288 et
1168 3249 1216 3286 en·

106 3336 169 3374 nere
187 3323 337 3391 perfunctus
364 3325 419 3387 esi,
445 3321 545 3387 legebat
568 3338 643 3374 ree·
675 3337 726 3388 per
739 3334 840 3372 omnem
852 3323 978 3374 uirtutem
990 3322 1103 3374 inimici.
1128 3316 1217 3384 Quoi·

107 3405 229 3475 ρήσει,
256 3407 370 3473 quamvis
395 3408 422 3459 in
446 3406 643 3472 eius‘operibue
678 3403 700 3456 ei
715 3403 819 3456 verbum
845 3405 1003 3474 ascriptum
1029 3403 1168 3457 adhibitum
1187 3401 1216 3455 S.

106 3491 207 3557 legetur
225 3493 333 3546 alterum
357 3492 470 3549 verbum.
506 3490 643 3557 Postquam
678 3490 786 3541 loannes
811 3488 904 3554 Chrys.
929 3488 996 3541 idem
1021 3505 1079 3542 cese
1106 3487 1217 3541 credidit

107 3577 175 3629 enim
193 3575 283 3629 retulit
301 3574 377 3628 verbo
393 3576 544 3641 scripturae,
562 3575 599 3626 eie
615 3587 645 3625 ee
678 3587 707 3625 ac
733 3568 873 3625 coicere
898 3577 972 3637 ceput
994 3574 1122 3638 serpentis
1141 3573 1216 3640 eique

108 3661 244 3726 explanat:
270 3658 327 3714 Καὶ
344 3655 397 3726 poio
417 3655 558 3724 τοσαύτην
576 3654 645 3710 ieet·
678 3662 805 3728 perpetuo
838 3658 1001 3724 incumbere,
1033 3659 1090 3725 quis
1118 3656 1217 3711 dubitet

107 3763 147 3812 up
162 3741 213 3811 uir
228 3742 342 3810 παρέξω
357 3740 410 3810 τήν
425 3738 513 3808 ἰσχύν,
533 3737 571 3802 oie
583 3743 645 3808 διη-
680 3757 737 3796 eum
755 3742 851 3806 legisse
869 3737 1030 3807 τειρῆσει1“

107 3831 195 3891 nesio
220 3827 381 3884 ἐπικεῖσθαι
406 3829 440 3897 τῇ
465 3828 499 3897 σῇ
525 3827 645 3896 κεφαλῇ,
748 3825 791 3878 13.
810 3820 899 3895 sines]
921 3826 1000 3895 Ven.;
1019 3826 1087 3894 vulg.
1106 3820 1175 3881 sine.

110 3912 140 3969 oi
158 3911 189 3969 ii
206 3919 267 3977 coir
287 3912 396 3969 ἐκείνου
420 3911 506 3965 nocis
530 3907 645 3965 inonst·
748 3909 791 3963 14.
816 3907 846 3964 ἐν
871 3906 945 3980 timp
1052 3912 1125 3979 ζωῆς
1149 3907 1214 3975 con]

109 4003 189 4055 σθαι.
220 4001 306 4069 Atque
325 3998 350 4052 ii
364 3997 499 4066 praecipue
514 3995 645 4064 impletum
680 3995 750 4048 Heec
774 3997 851 4048 verbe
874 3997 958 4050 omnir
982 3996 1117 4064 Humphry
1142 4007 1215 4046 mon·

108 4085 281 4154 inspirituali
303 4086 425 4152 serpente
442 4082 533 4151 probet
554 4095 587 4134 ex
605 4081 646 4135 his
680 4079 742 4133 does
763 4081 856 4134 omisit.
