2836 4852
222 245 285 311 148
534 248 751 312 annuerunt
773 249 1021 312 Anatocttnm

308 415 425 479 Aricino
447 413 473 478 d'
496 413 650 491 ἀθάνατος
672 418 802 500 μεγάλην
826 419 974 498 ἐπέθηκεν
997 416 1130 499 οἷνάγιιην

269 549 272 554 ·
310 527 500 606 Huedpoocv·
523 521 618 607 odrdp
641 524 671 564 ²²
680 524 769 590 ἔπειτ’
790 525 894 607 ἄνεμοι
915 528 1007 610 μέγαν
1028 522 1131 602 ὑψόθι
1152 521 1270 608 πύργον

263 631 410 713 ’ῑῧῬλψαν
431 635 480 696 καὶ
504 641 663 712 θνητοῖσιν
688 631 731 699 ἔντ’
752 633 888 714 ἀλλήλοις
909 637 972 717 ἔριν
992 628 1102 716 ὦρσαν.
1348 639 1371 689 ⁰

309 740 415 824 Adtolp
437 744 498 806 ἐπεὶ
524 742 638 824 πύργος
662 739 723 826 ἕν’
745 745 863 818 ἔπεσεν,
885 747 1016 825 γλιῑσσαλ
1039 742 1065 804 τ’
1085 739 1265 824 ἆνθριὶττων

266 851 362 925 26Εἰς
381 853 491 925 πολλοῖς
511 856 637 929 θνητῶν
657 852 857 931 ἐμερίσθησαν
879 855 1049 926 διαλέκτους
1071 887 1112 900 -

223 942 272 1026 nol
297 960 332 1024 adt
355 963 429 1040 ἕξής.
470 965 570 1022 Ταῦτα
593 960 648 1039 μὲν
671 951 729 1021 οὖν
750 959 879 1041 ἐγενήθη
901 961 935 1023 ἐν
957 965 996 1045 γῇ
1018 964 1189 1024 Χαλδαίων.
1231 957 1282 1023 Ἐν
1303 962 1336 1024 dd

223 1076 261 1156 τῇ
283 1075 321 1154 γῇ
343 1067 471 1132 Χαναὰν
492 1069 603 1149 ἐγένετο
624 1065 718 1141 πόλις,
740 1059 762 1151 ᾗ
784 1065 880 1146 ὄνομα
899 1068 931 1106 ²⁶
942 1069 1079 1152 Χαρράν.
1115 1067 1188 1131 Κατ’
1202 1069 1337 1142 ἐκείνους

224 1178 256 1242 οὲ
277 1175 348 1250 τούς
370 1177 497 1256 χρόνους
519 1182 638 1258 πρῶτος
658 1172 797 1256 βασιλεῦς
822 1175 976 1257 Αἰγύπτου
999 1179 1113 1259 ἐγένετο
1136 1177 1267 1257 Φαραώ,
1301 1174 1337 1251 ὃς

223 1289 273 1350 nol
296 1284 430 1367 Nexodd
451 1284 525 1348 acroi
548 1287 732 1366 Αἰγυπτίους
752 1279 935 1364 αἷνομάσθη·
960 1287 1009 1349 καλ
1032 1283 1130 1359 οὕτως
1151 1289 1181 1349 ol
1201 1289 1336 1366 καθεξῆς

224 1399 353 1477 βασιλεῖς
373 1392 552 1476 ”epicureo
597 1389 683 1456 28Ἐν
706 1392 739 1456 dl
760 1396 799 1478 τῇ
819 1397 858 1478 pp
882 1396 1022 1476 Στνναὰρ
1044 1396 1077 1458 ἐν
1100 1402 1165 1467 τοῖς
1186 1396 1336 1476 καλουμέ-

225 1609 384 1680 ἐβοιὶλοντο.
422 1612 464 1663 Sic
481 1611 560 1664 Geen.
580 1625 689 1678 quoqne.
724 1611 759 1661 ll·
796 1606 918 1670 te'ueooe.
938 1639 972 1648 -
988 1611 1056 1662 Feli.
1075 1610 1149 1662 Woll.
1170 1610 1335 1662 Manlium-

224 1694 279 1747 dem
293 1697 382 1760 (etiam
396 1694 504 1760 ornent.)
520 1695 610 1746 deinde
624 1695 673 1760 εἰς,
691 1693 759 1761 quod
794 1696 852 1762 phr.
873 1694 969 1748 addunt
986 1695 1053 1746 hunc
1074 1711 1176 1746 uersum
1192 1694 1263 1759 (Sit.
1284 1695 1334 1747 lll.

224 1781 319 1833 coeteri
344 1779 417 1832 editt.
445 1781 470 1831 in
496 1777 524 1840 ἐς
549 1781 596 1846 (lla
622 1784 647 1830 el
670 1779 759 1844 Alex.)
794 1777 876 1846 107):
897 1782 975 1831 Γαῖα
992 1779 1102 1848 βροτῶν
1122 1778 1264 1844 πληροῦτο
1284 1797 1332 1846 με·

224 1869 360 1916 mutarunt.
795 1860 948 1928 ριζομὲνων
973 1859 1123 1932 βασιλήων.
1160 1863 1242 1927 Quum
1269 1877 1335 1914 vero

291 1948 332 1999 22.
354 1945 447 2015 ἔπειτ’]
474 1948 536 1998 ileu.
557 1946 660 2000 ἔπειτα.
696 1946 758 1998 Tum
794 1948 883 1998 aven.
899 1951 924 1998 et
939 1946 1013 1998 Bodl.
1028 1948 1104 2012 absit,
1123 1963 1179 1998 eum
1195 1947 1237 2011 (ut
1250 1947 1334 1998 Geso.

222 2032 298 2086 Alex.
316 2037 342 2084 et
359 2032 455 2085 Friedl.
475 2027 569 2098 ὕψοθι
589 2032 661 2096 (sich
795 2031 857 2083 Due.
877 2033 956 2098 Mor.)
982 2032 1062 2084 omisi.
1100 2033 1190 2084 Statim
1212 2034 1238 2083 in
1256 2036 1335 2083 utro-

291 2113 335 2168 23.
352 2113 466 2184 Ῥιήιαν]
486 2117 549 2169 Ven.
566 2122 594 2168 et
612 2115 685 2167 Bodl.
704 2113 759 2180 l'pe-
794 2129 843 2183 que
861 2116 905 2167 illo
924 2117 979 2168 cod.
998 2121 1063 2168 insto
1083 2116 1236 2168 adiiciuntur
1254 2117 1335 2168 verba

223 2213 290 2267 ψαν.
328 2201 365 2252 lla
391 2202 465 2253 etiam
490 2201 553 2252 Feli.
574 2205 599 2252 et
621 2201 693 2251 Wolf.
730 2201 757 2252 ln
793 2198 901 2250 haecce:
920 2197 967 2253 καλ
987 2186 1285 2267 ιαλὲξήΜυαολίλΙ.
1308 2205 1335 2252 et

223 2285 298 2338 Bodl.
327 2287 528 2355 superscriptum
558 2291 599 2337 est
628 2282 758 2353 ἔρριψαν,
794 2281 868 2334 Wolf.
887 2290 1075 2351 expunxerunt.

223 2369 289 2436 quod
309 2374 335 2422 et
352 2369 432 2422 Geso.
447 2371 557 2423 exhibet.
583 2367 621 2423 (ii.
635 2386 661 2423 ιι.
674 2371 707 2422 17
717 2386 757 2438 eq.
862 2368 904 2420 26.
923 2366 1051 2439 Χαρράν]
1070 2370 1136 2422 Fell.
1154 2366 1244 2436 αρβιλν
1265 2370 1334 2437 (εἰσ)

223 2456 312 2521 Sibyll.
339 2455 379 2507 ed.
404 2455 529 2508 Alexand.
550 2451 591 2508 ἐντ’
613 2449 758 2521 ἀλλήλους,
793 2467 926 2517 operarum
946 2456 1014 2507 uitio.
1043 2453 1110 2506 ldem
1130 2455 1206 2506 dicit:
1227 2455 1333 2520 „Char-

222 2540 317 2593 Fricdl.
336 2545 365 2592 ut
383 2540 546 2609 Theophilus.
566 2570 599 2579 -
619 2542 679 2592 Post
692 2542 758 2593 hune
794 2553 836 2588 rae
855 2540 1053 2604 Mesopotamiae
1073 2541 1146 2605 urbs,
1170 2543 1255 2590 terrae
1272 2541 1332 2605 qui-

223 2641 323 2678 versum
341 2625 458 2693 sequitur
484 2627 510 2677 ia
528 2627 615 2691 Sibyll.
635 2626 699 2677 alius
716 2628 758 2679 htc
793 2620 849 2672 dem
870 2620 971 2673 canaan
991 2624 1088 2686 vicina,
1115 2623 1159 2674 sed
1178 2625 1281 2692 penitus
1300 2624 1333 2674 ab

223 2712 348 2762 omissus:
377 2702 506 2763 Τοήιεκά
533 2725 577 2762 τοι
604 2711 758 2779 Βαβυλῶνα
793 2721 821 2756 ea
842 2704 976 2773 distincta;
1002 2706 1095 2758 dicitur
1121 2708 1187 2760 euim
1213 2707 1332 2760 Abraha-

223 2792 321 2858 βροτοὶ
340 2788 419 2845 πόλει
440 2788 537 2860 odaop'
556 2792 663 2846 ἔθεντο,
692 2794 756 2846 Eum
793 2806 847 2842 tntis
867 2791 934 2842 Gen.
955 2790 1035 2853 12ρὸ
1064 2789 1187 2858 ἐξελθεῖν
1204 2790 1233 2845 ἔκ
1251 2792 1331 2860 Καβ-

222 2890 281 2926 ensu
307 2874 431 2927 excidisse
452 2882 523 2943 putat
542 2876 663 2930 Wolfius:
691 2876 757 2945 quod
792 2871 847 2940 βάν
863 2870 1258 2946 [ειιλοοττιλτλιιλιιλλαρρᾶν],
1278 2896 1331 2930 τιο-

222 2976 273 3014 non
286 2963 444 3027 putaverim.
454 2979 528 3028 quum
543 2964 699 3029 Theophilus
712 2980 756 3016 su·
793 2958 931 3024 ριυθήναι
950 2959 990 3020 εἰς
1007 2960 1058 3026 γῆν
1077 2959 1225 3034 Χαναιὶν.“

222 3059 267 3112 pra
281 3046 361 3097 dicat:
382 3043 535 3115 κατέβαλεν
549 3041 673 3100 αὕταῖνὸ
689 3045 757 3109 dade
860 3042 903 3095 27.
924 3041 1065 3111 ἐγένοντο]
1083 3039 1231 3111 Lependum
1250 3046 1330 3098 Davi·

221 3127 273 3196 τήν
296 3125 386 3180 πόλιν.
424 3131 579 3198 Quamquam
606 3133 672 3182 hunc
696 3147 756 3184 ver·
792 3128 830 3179 sio
849 3127 950 3179 videtur
974 3125 1114 3195 ἐλέγοντο,
1142 3131 1201 3197 quia
1226 3127 1331 3191 meletae

221 3229 275 3264 sum
297 3213 433 3278 genuinum
454 3230 511 3266 esse
530 3215 588 3266 inde
607 3217 756 3283 patetquod
793 3210 821 3263 ol
848 3212 905 3262 τῶν
934 3211 1091 3279 Αἰγυπτίων
1120 3215 1242 3284 βασιλεῖς
1269 3216 1330 3268 Φα-

220 3299 245 3347 in
266 3298 382 3350 omnihus
402 3299 514 3364 Sibyllae
540 3298 610 3351 codd.
635 3300 707 3351 mstis
732 3304 758 3351 et
792 3293 899 3359 ροὲονεα
918 3292 1085 3362 ἐκλήθησαν,
1106 3303 1137 3350 ut.
1151 3301 1186 3350 ait
1204 3299 1329 3369 Iosephus

221 3382 295 3435 editis
316 3389 449 3453 superstes
469 3389 523 3449 eet,
550 3381 756 3450 quemadmodum
792 3369 897 3448 Antiqq.
923 3382 973 3433 iud.
994 3381 1061 3435 Vlll.
1081 3399 1102 3435 c.
1121 3382 1145 3434 6.
1167 3384 1193 3450 §.
1211 3383 1238 3437 λ.
1276 3383 1330 3435 Sed

220 3466 359 3532 Abydenus
378 3472 403 3518 et
420 3467 543 3532 losephus
561 3465 587 3517 ll.
601 3481 637 3518 cc.
653 3482 755 3520 sensum
792 3466 855 3517 nihil
873 3471 956 3519 tamen
976 3467 1120 3519 mutandum
1138 3472 1241 3537 putem,
1261 3469 1330 3535 quie,

221 3551 276 3603 eius
295 3551 448 3618 exprimunt.
486 3552 525 3604 Cf.
544 3551 639 3603 Genes.
662 3551 709 3615 11,
730 3552 755 3604 9.
791 3551 814 3602 ei
834 3549 975 3603 emendatio
995 3553 1170 3620 reciperetur,
1196 3551 1259 3603 illud
1279 3545 1329 3605 eul-

270 3627 330 3685 ’24.
356 3627 391 3701 τ’]
421 3636 484 3688 Veh.
504 3639 529 3685 et
547 3634 620 3685 Bodl.
640 3651 675 3686 τι.
711 3636 755 3687 st·
791 3653 846 3694 τως
865 3631 991 3699 ἐλέγοντο
1017 3638 1096 3701 magis
1115 3636 1145 3687 ed
1164 3651 1251 3688 vocem
1271 3638 1329 3690 Νε-

219 3717 278 3781 hyll.
299 3716 391 3781 λἰιεσι,
409 3721 466 3771 sine
485 3739 507 3769 ν.
789 3716 872 3784 perid
896 3720 1012 3786 proxime
1036 3718 1229 3772 antecedentem
1253 3736 1328 3788 quem

287 3801 329 3854 25.
357 3804 407 3863 Εἰς
427 3842 432 3854 .
452 3842 457 3853 .
477 3840 482 3853 .
504 3802 678 3873 διαλέκτους]
707 3805 755 3857 llic
790 3804 821 3856 ad
840 3802 944 3868 napaei
968 3804 1130 3856 referendum
1149 3806 1225 3858 toret.
1257 3805 1328 3858 Wol-

219 3900 308 3938 versus
327 3887 352 3937 in
372 3887 463 3953 Sibyll.
482 3888 525 3938 lit.
547 3890 615 3941 Vlll.
635 3905 658 3940 v.
677 3890 693 3941 5
714 3894 753 3956 (p.
788 3890 848 3956 pius.
877 3891 999 3941 hierenus
1017 3888 1142 3958 explicat:
1169 3893 1215 3955 „et
1234 3892 1328 3942 caeteri

216 3971 280 4036 252)
294 3975 385 4024 exstat.
412 3970 522 4036 Legerat
534 3974 661 4025 Eusebius
676 3987 751 4039 quum
788 3989 863 4042 reges
890 3975 924 4025 ita
945 3990 974 4026 ee
992 3972 1155 4026 habuerunt“
1181 3974 1235 4025 sire
1260 3974 1326 4039 „suh

217 4056 252 4108 ait
270 4055 287 4106 l.
303 4072 324 4108 c.
344 4073 365 4109 c.
381 4055 427 4108 14:
447 4051 485 4115 ὥς
504 4051 560 4110 vind
581 4059 649 4123 μιᾶς
666 4056 752 4124 ptuit-
787 4057 875 4111 eodem
891 4059 991 4110 nomine
1004 4058 1143 4110 Pharaonis
1158 4061 1326 4121 regnarunt.“

216 4157 265 4207 της
289 4141 328 4203 εἰς
346 4138 449 4202 πολλαὶς
467 4137 661 4209 συνεχύθησαν
688 4144 749 4196 δια·
786 4144 825 4196 De
842 4143 943 4196 nomine
961 4142 1071 4196 Phorco
1089 4142 1137 4210 (=
1151 4146 1211 4207 rex)
1232 4141 1326 4196 rideeio
