2836 4852
467 270 954 344 uoaorouuoouuru.1t
1203 274 1267 344 ιιι

157 441 339 521 scripturae
359 444 392 506 et
414 457 520 506 omues
543 446 658 524 spiritu
679 447 782 524 pleni,
803 463 846 507 ex
868 462 996 523 quorum
1019 462 1154 510 numero·
1171 447 1266 510 luam

156 569 215 612 nes
242 553 334 613 dicit:
386 549 424 614 In
452 552 616 638 principio
644 556 715 618 erut
748 551 856 636 logos,
895 556 928 617 et
956 553 1044 638 logos
1075 559 1148 620 erut
1178 556 1270 643 opud

102 733 106 739 ,
158 656 288 723 (lemma
303 653 417 737 quibus
445 664 554 723 verbis
586 665 724 724 ostendit
755 664 843 723 initio
872 665 974 725 solum
1002 665 1101 726 fuisse
1124 669 1213 730 deum
1237 671 1270 729 et

156 769 189 830 iu
212 785 251 830 eo
279 771 390 850 logon·
429 772 505 831 'lum
525 774 617 833 dicit:
654 769 704 835 liu
734 768 816 835 dece
845 773 916 835 erut
939 770 1048 854 logoa‚·
1076 773 1181 837 omerio
1206 794 1269 860 per

157 897 228 940 eum
247 872 342 957 suctu
362 879 454 952 aurit,
485 873 811 964 etcineeosuotum
834 879 999 944 estnihil.
1043 882 1149 960 Logos
1173 885 1270 962 igitur
1348 918 1353 928 .

157 1003 250 1062 quum
279 989 357 1048 deus
385 991 427 1048 sit
457 994 549 1050 etex
572 992 633 1051 deo
657 991 803 1068 genitus,
820 1007 904 1050 *eum
926 993 1019 1068 pater
1042 992 1269 1072 universorum,

156 1098 283 1171 quando
309 1099 393 1177 vult,
428 1097 522 1159 mittit
553 1101 584 1158 in
613 1100 749 1175 aliquem
777 1099 897 1179 locum,
931 1116 992 1174 quo
1023 1118 1115 1175 quum
1145 1105 1269 1165 venerit

157 1206 283 1266 auditur
305 1211 338 1266 ot
357 1209 500 1285 videtur,
523 1209 636 1267 missus
657 1202 696 1267 ab
719 1224 775 1284 eo,
797 1211 830 1267 et
853 1210 925 1282 [ita]
950 1209 981 1267 iu
1004 1209 1074 1269 loco
1097 1210 1267 1273 iuvenitur.

244 1318 295 1377 23.
325 1316 485 1376 Hominem
513 1316 612 1393 igitur
634 1318 712 1376 deus
738 1317 816 1376 fecit
847 1317 898 1375 dio
928 1320 1038 1392 serto,
1069 1318 1138 1376 eius
1163 1322 1268 1380 autem

156 1422 376 1484 formationem
404 1425 557 1501 patefecit
577 1428 654 1501 post
676 1426 757 1483 diem
786 1425 968 1500 septimum,
1000 1442 1092 1500 quum
1114 1429 1146 1485 et
1171 1444 1269 1505 pura-

154 1532 258 1591 disum
282 1532 427 1607 fecisset,
458 1534 493 1592 ut
514 1533 546 1590 iu
569 1532 687 1609 optimo
712 1534 750 1590 ot
771 1533 941 1592 excellenti
962 1533 1033 1591 loco
1057 1549 1126 1594 eum
1148 1537 1268 1597 consti-

155 1643 273 1701 tueret.
317 1641 402 1700 llaec
423 1643 527 1699 autem
549 1657 627 1700 vera
648 1656 721 1700 esse
743 1657 796 1699 res
819 1642 889 1715 ipsa
911 1643 1114 1702 domonstrat.
1158 1643 1268 1707 Nonne

156 1751 237 1810 enim
266 1750 342 1818 licet
371 1751 624 1809 animadvertere
655 1750 786 1809 dolores
814 1749 905 1826 illos,
935 1766 1014 1825 quos
1042 1751 1208 1828 perierunt
1236 1755 1270 1815 iu

156 1861 251 1937 partu
274 1859 439 1935 mulieres,
467 1861 499 1918 et
521 1861 634 1935 postea
663 1858 815 1917 oblivioni
837 1859 981 1934 tradunt,
1011 1860 1046 1918 ut
1067 1859 1192 1921 effatum
1216 1863 1269 1922 dei

155 1961 325 2044 impleatur
354 1968 388 2026 et
409 1969 564 2042 augeatur
596 1969 628 2025 et
650 1969 772 2026 crescat
803 1983 903 2043 genus
924 1966 1114 2027 humanum?
1157 1969 1268 2032 Nonne

158 2077 248 2150 [licet
270 2077 537 2148 animadvertere]
564 2076 656 2135 etiam
680 2077 838 2152 serpentis
859 2076 1162 2155 condemnationem,
1187 2096 1268 2155 quo·

156 2186 249 2244 modo
274 2202 391 2245 exosus
414 2186 457 2242 sit
476 2200 573 2259 supra
595 2186 737 2244 ventrem
759 2201 875 2260 repens
898 2201 934 2243 ac
957 2186 1074 2244 terram
1096 2188 1212 2264 edens,
1234 2190 1270 2248 ut

156 2291 215 2354 hoc
237 2311 361 2370 quoque
391 2296 574 2369 argumento
609 2294 729 2354 ueritas
759 2309 867 2352 eorum
891 2309 971 2367 quae
994 2293 1128 2354 diximus
1151 2297 1268 2356 contir-

156 2405 288 2464 moturi

242 2515 293 2572 24.
314 2510 488 2572 Praeterea
508 2512 604 2588 igitur
622 2509 778 2589 producit
798 2511 872 2572 deas
887 2509 927 2570 ‹lc
943 2518 1025 2572 ternu
1041 2530 1127 2572 omne
1142 2511 1268 2592 lippum,

151 2619 316 2701 pulchrum
346 2623 411 2681 uisu
439 2627 469 2680 et
490 2619 681 2680 commodum
703 2619 747 2680 od
769 2619 955 2680 uescendum.
1000 2617 1091 2677 Initio
1121 2620 1201 2678 enim
1229 2637 1268 2682 ea

154 2731 367 2789 tantummodo
391 2734 483 2788 erant
505 2744 585 2804 quae
608 2727 659 2787 die
680 2729 775 2787 tert-io
797 2729 951 2804 producta
973 2727 1118 2804 fuerant,
1139 2728 1268 2806 plautae

154 2840 188 2898 et
218 2840 337 2899 semina
367 2843 400 2898 et
429 2838 559 2902 herbae.
612 2838 697 2906 Quae
727 2854 804 2898 vero
833 2837 864 2895 in
894 2837 1044 2914 paradiso
1077 2840 1196 2914 [orant]
1229 2857 1269 2902 ea

154 2949 332 3025 praestanti
361 2949 452 3007 erant
480 2946 713 3024 pulchritudine
739 2949 772 3006 et
797 2945 1003 3022 amoenitate,
1033 2949 1151 3025 quippe
1174 2967 1267 3025 quum

153 3057 344 3134 plantarium
365 3057 546 3133 appelletur
569 3057 609 3116 ab
636 3058 708 3132 ipso
732 3056 791 3114 deo
813 3056 926 3114 satum.
971 3053 1122 3117 Caeteros
1144 3058 1268 3132 quidem

153 3165 280 3244 plantas
304 3168 434 3227 muudus
457 3167 540 3226 haud
563 3165 724 3228 absimiles
749 3164 871 3238 habuit⁴3
898 3165 977 3224 duas
1000 3165 1268 3244 autemarbores,

153 3412 243 3479 lieres,
261 3415 288 3466 iu
307 3428 413 3481 poenam
432 3419 535 3482 peccalo
551 3414 693 3480 impositam
728 3413 869 3480 Rumpis,
905 3413 973 3467 hunc
1004 3414 1138 3466 articulum
1166 3411 1267 3467 omisilz

155 3496 236 3565 [Gon.
256 3498 282 3565 3,
302 3496 352 3551 16:
371 3500 403 3551 ci.
424 3515 501 3569 supra
520 3515 542 3551 c.
558 3498 622 3567 21];
647 3498 693 3550 ‹lo-
729 3515 880 3567 quamquam
906 3500 932 3551 iu
958 3499 1075 3551 omuibus
1094 3497 1165 3550 codd.
1185 3501 1269 3551 exstat

153 3581 216 3635 loris
235 3583 284 3635 cito
310 3597 353 3635 eus
369 3585 437 3650 capit
461 3583 569 3647 oblivio,
595 3598 628 3636 ue
647 3596 694 3648 po·
729 3586 802 3636 mstis
821 3587 847 3635 et
864 3582 948 3634 edilis.
984 3583 1069 3635 Probe
1088 3582 1205 3635 (iuliani.
1224 3597 1268 3637 ro-

153 3667 225 3718 neris
257 3667 360 3720 lrumcni
391 3668 568 3735 propagationi
601 3668 693 3720 obstet.
728 3669 813 3736 posuit
821 3684 829 3734 3
855 3670 881 3717 at
900 3679 960 3718 uero
979 3667 1060 3733 Migo.
1081 3679 1195 3719 errorem
1215 3680 1268 3721 uon

153 3750 247 3803 Partus
267 3744 401 3805 dolorosa
421 3753 563 3822 theophilo
583 3751 694 3818 proferri
729 3751 852 3804 correxit.

152 3835 179 3887 iu
193 3843 372 3902 argumentum
385 3839 500 3889 veritalis
515 3838 637 3891 historiae
651 3850 693 3888 su·
797 3836 822 3886 1.
841 3831 1047 3903 Ἑξαναιείλας]
1072 3834 1136 3890 Scil.
1156 3824 1200 3902 ἦν.
1228 3834 1268 3887 Gi.

154 3934 213 3973 crac
231 3936 264 3974 cx
281 3922 313 3975 iis
332 3924 407 3975 oliam
426 3926 496 3990 putet
508 3937 572 3989 quae
587 3935 645 3973 mox
662 3920 693 3973 do
728 3935 750 3973 c
766 3920 792 3972 3.
811 3934 839 3971 ιι.
853 3919 896 3985 18,
914 3919 958 3971 lib.
974 3915 1020 3972 ΙΙΙ.
1039 3936 1060 3972 c.
1073 3919 1116 3973 20.
1133 3935 1160 3971 ιι.
1174 3918 1268 3985 1,·ι1.;

152 4007 283 4073 serpentis
300 4021 382 4075 poena
401 4008 579 4060 subiiciuutur.
599 4007 693 4060 Moru·
728 4002 791 4056 uude
807 4003 934 4069 Athenas.
953 4002 991 4058 Dc
1007 4016 1107 4057 resurr.
1123 4017 1146 4053 c.
1159 4002 1184 4054 2.
1201 4016 1228 4052 u.
1242 3999 1268 4053 2.

154 4106 241 4144 eus.·
728 4114 762 4128 -
779 4087 878 4141 Genea.
898 4087 924 4155 2,
942 4086 974 4149 95
994 4088 1026 4140 ol.
1044 4099 1122 4152 supra
1140 4100 1162 4140 o.
1181 4083 1226 4138 20.

225 4173 251 4227 5.
276 4172 322 4245 τό]
358 4175 476 4241 illarum,
501 4190 608 4243 quocum
633 4173 695 4229 lucit
797 4168 1249 4242 2.icmm]v0n.;vu13.-uu
