2836 4852
425 276 482 338 ho
506 277 757 341 duronicum.
771 279 850 342 LIB.
869 278 920 341 lla·
1162 269 1223 344 151

113 445 265 505 Chaldaei
287 445 454 525 tenebant,
483 450 601 525 primus
624 465 682 509 rex
711 451 771 511 tuit
793 447 929 513 Arioeh:
959 452 1034 526 post
1058 447 1139 512 hune
1163 467 1223 513 au·

113 558 175 615 tem
197 555 283 616 alius'
300 553 445 633 llllasar,
470 560 503 617 et
523 562 599 635 post
620 559 701 619 huno
723 557 990 634 (ihodollegomor
1011 575 1070 619 rex
1088 559 1223 638 Aelami,

113 665 144 722 ct
166 664 344 751 posthunc
366 666 504 742 'lhargal
535 684 593 726 rex
622 670 760 744 gentium
791 684 871 742 quae
893 675 1045 728 vocantur
1066 668 1222 744 Assyrio-

111 789 188 832 rum.
240 772 380 848 Quinque
408 775 491 833 aliae
523 777 618 835 urbes
645 776 772 836 fuerunt
799 778 830 836 in
858 793 900 836 ea
928 761 1141 854 parto'quam
1169 781 1221 836 te-

112 882 177 941 nuit
203 881 301 940 cham
332 882 417 941 tilius
451 881 587 943 Noaohi:
624 885 724 960 prima
757 884 910 961 Sodoma,
938 888 1002 944 tum
1036 883 1220 960 Gomorrha,

52 1050 57 1059 ,
113 989 231 1050 Αιλιιιοο
257 993 291 1048 et
313 989 428 1049 Sehoin
456 993 490 1049 et
511 990 626 1068 Balac,
654 1010 733 1068 quae
758 995 833 1053 urbs
860 995 954 1052 ctiam
977 993 1079 1070 Segor
1100 1009 1221 1052 nuncu·

112 1102 185 1174 puta
207 1101 267 1158 est.
312 1096 353 1155 Et
374 1099 496 1158 nomina
519 1116 627 1177 regum
651 1103 703 1176 qui
726 1103 797 1161 istis
822 1103 953 1163 urbibus
973 1100 1144 1178 praefuere
1174 1100 1221 1159 sio

112 1205 245 1264 hahent:
281 1205 391 1266 Ballas
424 1223 481 1265 rex
515 1207 736 1285 Sodomorum,
772 1210 890 1270 Barsas
923 1227 980 1269 rex
1012 1207 1219 1281 Gomorrhae,

111 1312 250 1374 Seuuaar
271 1331 330 1373 rex
352 1315 509 1392 Adamas,
539 1317 679 1394 llymoor
699 1333 758 1376 rex
781 1317 915 1393 Schoin,
936 1313 1053 1377 Balach
1076 1333 1135 1375 rex
1156 1315 1218 1375 Se·

109 1437 185 1498 gor,
217 1438 296 1497 quae
326 1423 402 1482 urbs
432 1425 525 1483 etiam
547 1424 645 1485 Balac
675 1428 852 1502 nuncupata
876 1428 933 1484 cst.
978 1425 1017 1484 lli
1041 1423 1220 1484 servierunt

108 1531 179 1606 regi
201 1528 405 1605 Assyriorum
428 1529 691 1607 chodollogomor
716 1533 877 1591 duodecim
898 1533 999 1591 annis.
1046 1531 1137 1591 Anno
1160 1547 1219 1590 au-

108 1642 172 1697 tem
196 1638 315 1696 docimo
344 1639 439 1696 tertio
463 1657 479 1697 a
504 1638 791 1716 chodollogomoro
812 1639 1014 1714 deiecerunt5
1044 1642 1077 1699 ot
1097 1639 1145 1698 sio
1167 1638 1219 1696 la-

108 1747 190 1804 ctum
212 1748 264 1804 est
286 1745 343 1805 illo
366 1748 509 1823 tempore
530 1751 565 1806 ut
587 1751 736 1823 quattuor
757 1748 962 1825 Assyriorum
984 1763 1078 1823 regas
1100 1745 1217 1805 bellum

109 1863 176 1913 cum
204 1854 338 1928 quinque
370 1854 419 1912 his
449 1852 579 1932 regibus
607 1861 765 1936 gererent.
810 1856 895 1916 llaec
917 1857 1016 1932 prima
1044 1855 1106 1914 fuit
1127 1855 1218 1931 origo

109 1962 263 2021 bellorum
289 1963 320 2021 in
344 1965 439 2021 terra.
483 1962 525 2021 ut
547 1941 712 2039 fregerunt
733 1967 878 2042 gigantes
899 1963 1063 2040 Caranain,
1084 1966 1117 2022 et
1138 1979 1219 2038 geu·

109 2074 158 2131 tes
179 2071 302 2130 validas
325 2088 473 2130 unacum
497 2070 580 2148 illis,
595 2053 643 2130 =ct
666 2074 828 2133 Ommaeos
852 2073 882 2130 in
905 2073 975 2149 ipsa
996 2069 1125 2131 civitate
1149 2088 1217 2146 sua,

109 2180 143 2237 et
169 2177 349 2238 chorraeos
379 2181 431 2254 qui
461 2183 583 2240 montes
614 2181 684 2240 Seir
712 2184 813 2246 dictos
844 2181 1025 2240 incolebant
1052 2181 1217 2256 usquead

110 2287 330 2347 Terebinthum
361 2288 502 2365 Pharan,
535 2305 615 2363 quae
650 2291 680 2348 in
711 2291 839 2349 deserto
873 2291 932 2349 cet.
982 2287 1102 2347 Eodem
1135 2291 1216 2348 tem·

109 2410 188 2470 pore
222 2395 282 2454 tuit
313 2411 372 2454 rex
401 2397 502 2456 iustus
538 2399 660 2456 nomine
689 2397 901 2457 Melchisedec
931 2399 963 2455 in
994 2397 1072 2456 urbo
1103 2396 1218 2472 Salem,

109 2519 189 2577 quae
220 2519 300 2562 nunc
330 2508 461 2565 vocatur
490 2504 724 2581 hierosolyma,
761 2503 809 2564 hic
840 2506 969 2581 primus
994 2504 1053 2562 fuit
1083 2506 1216 2563 omnium

109 2613 306 2672 sacerdotum
339 2614 390 2671 dei
420 2612 575 2671 altissimi.
629 2613 678 2671 Ah
712 2610 768 2672 hoe
800 2612 875 2672 urhs
906 2612 1102 2671 Hierusalem
1134 2612 1216 2670 dicta

177 2898 220 2952 34.
239 2897 342 2967 Βαλὰκ]
363 2898 463 2951 Νοοιοιι
481 2899 555 2950 huius
575 2899 644 2964 regis
748 2898 790 2951 37.
812 2897 892 2951 Κατὰ
911 2895 941 2952 oi
960 2897 1030 2965 κτλ]
1058 2895 1155 2949 Genes.
1175 2896 1217 2962 14,

108 2985 133 3035 in
153 2983 250 3036 Genesi
271 2986 301 3049 (l.
318 3000 340 3035 ο.
361 2998 383 3034 ι.
399 2981 428 3049 2)
447 2996 498 3034 non
517 2986 609 3034 exstat.
681 2985 722 3038 18.
747 3013 780 3022 -
815 2985 881 3037 Fell.
902 2989 928 3036 et
945 2982 1020 3047 wolf.
1047 2977 1218 3046 Μελχισεδὲκ

177 3067 220 3121 35.
241 3070 293 3136 τῆς
312 3067 360 3121 καλ
380 3064 476 3120 Baloie
496 3067 578 3134 κεκλ]
601 3068 645 3120 Sic
680 3069 839 3135 scripserunt
856 3069 911 3120 sine
931 3067 981 3119 ulle
1001 3065 1160 3118 auctoritate.
1202 3134 1205 3141 ,.

109 3151 239 3205 emendavi
270 3154 403 3206 lectionem
437 3154 560 3218 vulgatum
594 3153 646 3220 vic

109 3233 243 3302 Κοφαλοῖκ
256 3240 339 3300 κοιλ,
359 3252 432 3304 quam
450 3237 515 3289 Feli.
531 3241 558 3289 et
570 3236 645 3290 Wolf.
748 3234 790 3287 38.
805 3232 975 3303 καλουμένῃ]
992 3233 1140 3286 Omiserunt
1153 3232 1216 3284 Duc.

110 3319 192 3372 miuus
218 3325 289 3372 reete
313 3321 341 3371 in
368 3320 419 3386 τῆς
445 3316 540 3372 Bottia
564 3324 646 3372 mute·
681 3323 746 3373 ltlor.
774 3321 839 3373 ltlsr.
868 3321 994 3389 Hnmphr.
1026 3321 1113 3369 contro
1144 3315 1216 3371 codd.

109 3407 177 3455 runt.
196 3404 290 3456 Paullo
304 3419 397 3470 snpra:
423 3404 532 3471 Betria,
549 3399 567 3470 ἡ
586 3402 645 3456 καὶ
681 3411 770 3457 melos.
806 3405 942 3470 Perperam
970 3403 1006 3455 lo.
1026 3403 1097 3467 Krya
1124 3400 1217 3466 (Some

110 3484 210 3555 Σηγόρ
229 3485 420 3556 mintriun-
681 3492 787 3540 account
811 3489 840 3539 ot
860 3488 903 3549 the
927 3487 1054 3550 Writings
1079 3483 1127 3536 und
1154 3483 1217 3550 0μί-

176 3572 219 3625 ut.
239 3573 288 3628 cel
307 3572 374 3634 roric
391 3572 463 3641 κτλ]
487 3575 516 3624 λιι
534 3572 646 3625 editione
681 3573 754 3627 nions
769 3572 796 3622 ol
808 3570 894 3623 lustin
908 3570 1008 3633 Martyr
1023 3567 1063 3620 ed.
1077 3569 1102 3619 3.
1117 3582 1142 3634 p.
1152 3566 1216 3632 221)

107 3656 208 3708 llorell.
233 3659 310 3710 rerba
335 3655 381 3710 κοιλ
403 3653 472 3718 τούς
489 3650 649 3723 Ὀμμοιλοος
681 3655 788 3707 coniecit
800 3652 934 3718 legendum
948 3645 1135 3718 Ἰερουσαλήμ.
1155 3650 1219 3704 Νιοι

110 3739 260 3792 exciderunt
293 3742 355 3792 vitio
391 3755 533 3811 operarum.
568 3740 646 3792 lude
681 3738 763 3804 paullo
781 3741 840 3806 post
859 3735 1015 3805 Theophilus
1034 3734 1138 3789 disertis
1157 3750 1218 3805 rer·

109 3822 185 3873 etiam
212 3823 349 3890 hierenus,
381 3839 488 3891 quocum
519 3823 646 3890 llumphr.
679 3824 719 3875 his
748 3825 797 3875 huc
826 3821 946 3887 respicii:
975 3814 1174 3888 Ἱεροοοοιλήμ,
1201 3815 1217 3882 ἡ

93 3904 183 3968 decit,
210 3907 344 3974 proeteriit
371 3912 397 3959 et
423 3909 528 3974 insuper
557 3920 646 3959 errore
681 3901 940 3972 προειρημένη
971 3899 1217 3971 Ἱεροσόλυμα.

109 3982 182 4059 αὐτῇ
207 3993 293 4045 omisit
312 3996 371 4046 ente
389 3992 423 4060 τῇ
441 3988 529 4044 πόλει.
565 3991 646 4042 llum·
682 3991 774 4042 Forma
794 3983 811 4055 ἡ
829 3984 1004 4056 Ἱεροσόλυμα
1023 3988 1142 4055 (iudeel.)
1167 3998 1218 4039 non

109 4074 168 4141 phr.
186 4079 277 4140 postca
294 4072 554 4143 ἐπικομιζομένους
576 4089 647 4125 meu·
683 4073 795 4137 otendit,
813 4072 844 4125 de
859 4087 907 4140 que
923 4073 998 4127 adees
1013 4073 1057 4125 Al.
1070 4071 1218 4125 Buttmann.

111 4157 181 4210 dese.
686 4158 804 4209 Gromm.
825 4159 850 4210 d.
869 4160 981 4212 οοιιλοιλ.
1002 4155 1066 4220 spr.
1082 4169 1108 4220 p.
1128 4151 1169 4205 16.
