2836 4852
380 300 383 307 ’
466 304 524 364 ΑΙ)
545 301 790 366 noroLYcom
815 302 892 366 LlB.
912 302 951 365 ll.
1203 301 1266 369 139

156 475 288 534 vooatur
311 477 445 553 propter
464 466 715 554 ἀποδεδρακέναι,
745 477 818 553 quia
840 494 859 536 a
879 476 939 535 doo
959 473 1111 552 fugitivus
1134 475 1265 537 absees-

156 584 214 659 sit3
244 586 376 662 angelus
409 585 489 643 euim
517 586 606 644 initio
638 590 717 645 erat.
760 586 807 645 Ao
830 587 868 644 de
890 600 928 643 eo
952 585 1075 660 quidem
1097 585 1193 661 longa
1215 588 1266 646 est

155 695 273 753 oratio:
307 696 502 771 quapropter
529 696 820 771 impraesentiarum
851 695 975 752 missam
1005 692 1088 753 facio
1120 695 1187 755 eius
1217 695 1266 755 rei

154 805 414 882 explicationem
440 806 554 863 etenim
576 805 653 863 alibi
675 806 714 864 de
735 821 773 863 eo
795 803 1034 883 disputavimus.

242 915 294 974 29.
334 915 430 983 Quum
465 915 562 991 igitur
594 914 731 973 Adamus
765 916 972 989 cognosceret
1004 911 1103 972 Evam
1136 930 1266 975 uxorem

155 1039 259 1097 suam,
283 1025 461 1101 concipiens
484 1024 585 1082 filium·
601 1019 745 1099 peperit,
768 1023 816 1082 oui
839 1039 951 1081 nomen
974 1022 1061 1082 Cain.
1104 1022 1147 1081 Et
1168 1024 1264 1082 dixit:

155 1130 288 1191 Possedi
308 1132 455 1192 hominem
476 1152 536 1210 per
558 1131 656 1191 deum.
700 1131 813 1191 Adhuo
843 1133 963 1191 addidit
985 1134 1019 1191 ut
1046 1132 1180 1191 alterum
1205 1149 1267 1208 pa-

154 1243 259 1318 reret,
292 1243 340 1302 oui
370 1260 481 1322 nomen
511 1242 605 1301 Abel.
661 1239 773 1320 Coepit
804 1261 866 1301 esre
893 1249 1005 1320 postor
1033 1242 1149 1310 ouium
1185 1238 1265 1301 Cain

154 1356 254 1409 autern
283 1358 395 1411 terram
423 1350 550 1410 colebat.
595 1349 734 1427 Longior
759 1351 861 1410 autem
892 1353 941 1408 est
963 1349 1096 1407 historio
1121 1366 1201 1424 quae
1224 1351 1265 1408 ad

154 1474 211 1518 eos
235 1463 375 1536 spectat,
405 1460 496 1517 immo
520 1459 612 1516 etiam
635 1459 965 1517 enarrationisratio:
998 1458 1192 1533 quapropter
1215 1456 1266 1515 di-

154 1568 262 1627 scendi
296 1569 426 1643 cupidos
455 1567 495 1624 de
526 1566 586 1625 hao
615 1567 749 1624 historia
780 1568 887 1642 potest
920 1566 1098 1644 aoouratius
1129 1566 1265 1626 edocere

152 1675 237 1733 liber
266 1675 335 1751 ipse
367 1676 419 1750 qui
453 1672 574 1735 Genesis
595 1674 702 1733 nrrmdi
724 1675 912 1734 insoribitur.
956 1675 1091 1733 Satanas
1113 1676 1209 1751 igitur
1231 1676 1266 1734 ut

152 1782 306 1842 Adamum
327 1787 360 1842 ot
382 1800 511 1843 uxorem
535 1781 602 1842 eius
625 1784 705 1842 vidit
729 1801 788 1842 non
815 1784 915 1842 solum
937 1784 1064 1859 vivere,
1091 1784 1265 1843 sedetiam

153 1892 275 1951 liberos
304 1894 500 1970 sumpisse,
531 1894 647 1952 invidia
678 1891 855 1953 stimulatus
889 1894 971 1967 quod
994 1896 1126 1951 mortem
1148 1893 1187 1951 iis
1215 1893 1265 1951 in·

143 1994 240 2060 'ferre
267 2019 329 2061 non
357 2006 486 2080 posset,
516 2004 579 2062 tum
603 2020 694 2077 quum
721 2002 853 2060 Abelem
881 2003 1007 2061 videret
1035 2002 1096 2060 deo
1124 2003 1264 2082 plaeere,

153 2108 284 2170 fratrem
310 2113 377 2171 eius
402 2111 528 2172 Cainum
551 2113 673 2170 nomino
695 2111 817 2188 impulit
840 2111 872 2168 et
895 2111 1045 2186 perduxit
1075 2113 1109 2170 ut
1132 2112 1264 2172 fratrem

154 2237 241 2279 suum
265 2222 398 2280 Abelom
427 2223 595 2281 occideret.
641 2220 682 2279 Et
709 2221 755 2279 sio
781 2236 866 2278 mors
889 2220 919 2277 in
942 2219 1023 2279 huno
1046 2222 1188 2280 mundum
1213 2223 1264 2280 in-

154 2330 247 2388 duota
269 2333 317 2389 est
337 2332 371 2390 ut
391 2330 490 2390 adhue
512 2333 609 2389 totum
631 2347 730 2405 genus
752 2329 915 2387 humanum
939 2330 1139 2403 pervaderet.
1178 2329 1264 2390 Deus

154 2439 257 2497 autem
286 2456 379 2514 quum
408 2440 586 2498 misericors
609 2439 651 2497 sit
681 2440 714 2496 ot
737 2434 853 2512 Caino,
885 2438 1140 2511 quemadmodum
1170 2441 1264 2501 etiam

153 2696 204 2760 ste,
224 2709 274 2748 was
290 2695 360 2748 dieso
376 2697 482 2758 nutriit,
502 2695 593 2762 gehirt
607 2695 633 2747 in
649 2694 690 2747 die
726 2710 780 2747 noso
799 2698 917 2747 domanio
935 2695 1079 2761 faciundis,
1104 2698 1151 2748 sed
1170 2697 1264 2750 divino

155 2778 309 2832 Gesolriclute
333 2779 383 2832 und
406 2778 488 2831 findet
506 2780 576 2831 seins
595 2779 691 2831 Auslo-
725 2780 860 2845 eliserunt
875 2781 1054 2846 inspiratione
1069 2785 1216 2848 nepotulos,
1234 2783 1265 2834 in

153 2879 224 2931 gang
240 2866 266 2917 iu
283 2866 337 2916 sich
356 2864 463 2917 selbst.“
727 2879 756 2915 eo
773 2864 838 2917 libro
859 2865 905 2932 pot
925 2866 963 2916 de
981 2869 1149 2917 creatora
1167 2882 1263 2919 mon-

223 2949 248 3002 6.
266 2948 379 3011 Γένεσις
397 2946 516 3017 κόσμου]
539 2949 619 3000 Forte
635 2963 647 2998 o
662 2964 690 3001 se
726 2951 760 3001 di
779 2952 902 3001 censetor
920 2949 953 2999 od
972 2950 1080 3002 exordio
1095 2952 1134 3002 sic
1147 2955 1185 3003 est
1197 2966 1263 3018 pro-

154 3035 327 3104 conscriptum
346 3035 437 3086 librum
456 3035 579 3100 designat.
602 3032 652 3100 [cf.
668 3048 690 3086 o.
724 3035 809 3100 [utos.
841 3033 880 3085 Gt.
900 3033 987 3085 Grubii
1002 3035 1083 3100 Epist.
1099 3035 1129 3086 ad
1145 3037 1182 3087 lo.
1197 3037 1261 3092 ltlill.

152 3116 195 3169 28.
222 3135 248 3172 u.
273 3119 328 3186 16.]
356 3120 452 3172 Fettos.
495 3120 634 3172 Enimvero
659 3134 691 3170 ex
727 3117 961 3180 0xon.1705.4⁰.
985 3133 1010 3184 p.
1028 3119 1062 3170 57
1090 3119 1129 3186 [ot
1147 3119 1262 3174 Holmoe.

154 3204 238 3255 verbis
257 3204 319 3269 ipsis
337 3204 361 3255 id
379 3209 433 3255 tuto
448 3219 498 3255 non
514 3203 628 3269 colligas,
647 3218 688 3254 re·
726 3203 756 3254 ad
774 3205 813 3255 tit.
835 3202 923 3270 Gen.].
951 3204 1067 3271 Wolfios.

154 3290 194 3340 cto
218 3293 336 3340 monente
356 3289 460 3342 Grabio.
495 3290 559 3342 Nam
584 3286 690 3341 Γένε-
795 3289 819 3342 7.
839 3288 960 3357 ἴσχυσεν]
982 3290 1060 3356 Veu.;
1078 3290 1263 3358 uulptopoos.

153 3387 209 3434 ose
227 3371 363 3439 κόσμον
382 3375 470 3425 titulus
489 3379 528 3426 est
543 3375 599 3426 libri
614 3374 690 3445 primi
792 3372 818 3424 8.
838 3374 893 3427 Kal
906 3368 995 3434 οὕτως
1008 3375 1077 3442 stt]
1096 3377 1184 3428 Mors
1202 3374 1262 3430 indo

152 3457 248 3523 mosis,
273 3473 323 3524 quo
348 3459 443 3511 diserto
467 3461 492 3509 in
516 3457 601 3509 codice
626 3459 689 3509 Ale·
725 3457 828 3509 oCaini
854 3459 967 3525 scelere,
993 3474 1041 3526 per
1060 3464 1171 3510 salanam
1193 3460 1264 3512 exti-

151 3542 276 3595 xandrino
296 3543 444 3610 appellatur,
463 3543 616 3609 quamvisin
634 3541 688 3592 edi·
723 3546 776 3594 tato
805 3545 906 3608 (loann.
924 3543 956 3606 8,
975 3543 1009 3595 44
1033 3558 1114 3612 comp.
1141 3544 1263 3619 lflloann.

151 3627 185 3679 tis
203 3629 313 3696 simplici
328 3627 465 3686 Γενὲσεως
479 3629 579 3679 nornine
594 3628 688 3679 veniat.
724 3625 749 3689 3,
769 3626 825 3693 12),
847 3633 927 3678 tolum
946 3628 1081 3678 humanum
1102 3644 1182 3693 genus
1200 3645 1262 3698 por·
1344 3688 1345 3691 Ἴ

154 3712 204 3780 [Gi.
225 3729 247 3764 e.
267 3713 316 3766 26:
340 3711 370 3766 du
397 3715 431 3783 τῇ
457 3715 567 3764 Γενέσει
590 3709 688 3779 pippis·
725 3712 798 3764 rasit.
836 3713 1163 3767 Clemensllom.100r.
1191 3731 1212 3767 o.
1230 3715 1260 3768 3:

151 3797 243 3865 mos]
281 3800 324 3851 Slo
347 3802 373 3850 ol
391 3799 549 3865 Epiphanius
568 3799 605 3850 De
624 3813 689 3865 pon·
726 3792 762 3848 δι’
782 3787 817 3849 od
835 3799 886 3863 (sc.
900 3792 985 3863 ζήλου
999 3795 1048 3849 καὶ
1064 3796 1179 3865 φθόνου
1200 3800 1263 3851 Goi-

151 3881 254 3935 doribos
274 3887 300 3934 el
319 3884 445 3935 mensuris
474 3882 516 3950 [T.
536 3882 573 3949 ll]
593 3900 619 3952 p.
640 3881 689 3934 161
724 3885 762 3947 oi,
783 3885 814 3934 ci.
834 3898 855 3933 o.
872 3882 901 3949 4)
922 3882 970 3937 καὶ
988 3880 1115 3945 θάνατος
1134 3884 1262 3948 εἰσῆλθεν

152 3964 205 4035 τήν
230 3967 330 4038 βίβλον
342 3968 399 4041 ιτῆς
418 3967 468 4018 τοῦ
488 3965 596 4033 κόσμου
614 3963 689 4034 peve'-
724 3966 829 4028 εἰςτὸν
846 3963 961 4036 κόσμον.
995 3970 1036 4022 Ex
1055 3973 1157 4038 peccalo
1178 3971 1262 4019 autem

151 4066 221 4113 σεως
240 4053 358 4119 advocat,
386 4057 412 4104 ot
431 4052 573 4105 chalcidius
597 4053 624 4103 in
644 4054 689 4105 Ti·
724 4052 814 4105 Adoni
833 4056 957 4120 tamquam
983 4069 1016 4106 ex
1033 4056 1104 4107 fonte
1123 4051 1261 4165 protiffiit:

151 4152 250 4189 mosum
268 4137 382 4190 Platonis
400 4139 434 4190 ila
452 4153 477 4205 p.
493 4134 562 4189 372:
584 4136 689 4204 Moyses
723 4139 765 4190 lib.
783 4138 817 4193 ll.
837 4155 859 4192 o.
871 4139 905 4193 25
923 4138 977 4208 fin,
997 4138 1053 4192 coll.
1074 4154 1095 4190 c.
1114 4137 1157 4189 27.
