2836 4852
434 281 492 344 aa
514 278 920 345 teneraetenerae.
1191 269 1235 348 tt
1343 302 1346 312 ·

120 473 208 528 aum,
239 472 280 514 ece
307 450 369 512 lroe
396 453 598 535 Tprimmam,
631 473 672 514 ea
694 453 753 514 lroe
776 451 981 522 Perdiccam,
1011 472 1051 514 ere
1072 452 1132 516 icoc
1154 454 1233 517 Plri-

122 561 260 642 lippum,
291 581 332 621 ere
358 561 418 622 leae
439 560 611 642 Aeropum,
643 582 683 622 ee
705 562 763 623 lroe
783 560 936 632 Alcetom,
970 582 1010 622 ee
1037 563 1097 625 irae
1120 562 1234 648 Ampns

122 679 201 740 tam,
227 690 267 730 ea
289 670 349 730 ime
373 669 527 740 Bocrum,
560 692 600 732 ee
621 672 680 732 lece
700 671 906 752 Meleaprum,
930 690 970 731 em
992 671 1052 734 ltoc
1074 673 1234 745 Arsinoite,

121 798 163 854 aa
184 778 245 839 lrac
267 788 297 840 et
321 779 411 859 Lupo
433 778 642 842 Ptolemaeum
674 783 726 863 qui
755 792 783 842 et
807 782 915 856 Soter,
945 801 985 841 ece
1004 781 1064 843 leae
1089 793 1118 844 et
1139 783 1235 846 Bere*

120 890 192 951 uice·
219 889 428 950 Ptolemaeum
460 888 718 970 Philadelphum,
752 909 792 950 ece
822 890 881 950 lroe
910 898 940 950 et
970 888 1101 952 Arsinoe
1128 891 1236 955 Ptole*

121 1019 238 1061 moeum
260 999 457 1079 Everpetem‚
486 1018 526 1059 ece
553 999 613 1060 lroe
641 1008 671 1062 et
693 998 843 1060 Berenice
865 1019 942 1080 quae
963 1000 1079 1080 Mapoe
1105 1000 1235 1083 Cyrena-

120 1129 186 1169 rum
206 1110 289 1188 repit
310 1107 380 1188 filia
402 1109 465 1186 fuit
488 1107 695 1170 Ptolemaeum
720 1107 963 1186 Philopatorem.
1009 1109 1067 1170 Sia
1088 1111 1185 1188 ipitar
1205 1122 1237 1170 te

121 1215 212 1278 habet
235 1237 337 1278 eorum
367 1218 419 1298 qui
442 1215 655 1279 Alexandriae
675 1226 843 1298 repararunt
867 1239 935 1278 eum
957 1216 1086 1279 Baeclro
1115 1236 1236 1297 copma-

121 1326 176 1386 tio.
219 1327 418 1406 Quapropter
439 1329 531 1387 etiam
551 1329 584 1387 iu
600 1327 756 1410 Dioupsia
779 1329 858 1389 tribu
879 1328 960 1387 demi
982 1335 1050 1388 sunt
1072 1327 1236 1387 destinate

121 1433 242 1495 Atrtetr
264 1436 302 1494 alr
324 1455 421 1495 uxore
444 1435 582 1503 Boeotii,
612 1434 680 1515 filio
707 1436 838 1506 Thestii,
861 1435 1008 1507 Althaea3
1038 1435 1198 1496 Deianiria
1217 1455 1239 1496 a

119 1543 246 1604 Bueclri
267 1550 298 1602 et
320 1542 469 1604 Althaeae
495 1543 581 1623 filia,
613 1544 754 1604 Herculis
780 1565 887 1605 eruore.
937 1545 1026 1606 Unde
1048 1544 1130 1605 demi
1151 1543 1239 1623 apud

121 1672 173 1712 eor
203 1651 431 1731 appellationes
461 1652 589 1713 lrabeat.-
626 1649 774 1712 Artoarta
806 1674 825 1712 a
852 1653 969 1715 Minois
998 1652 1082 1733 filia,
1114 1651 1239 1714 Baeclti

120 1781 234 1829 umore,
259 1760 368 1840 puella
392 1771 519 1842 patrem
544 1768 682 1840 amante,
718 1778 795 1840 quoe
824 1783 890 1822 eum
916 1762 1044 1824 Boccho
1073 1763 1106 1822 iu
1134 1764 1238 1841 formo

121 1992 245 2064 „Scilicet
264 1996 382 2049 librarius
401 1995 576 2062 frequentiore
597 1995 660 2046 rto·
694 1995 804 2047 Muliero
817 1994 898 2059 efferi,
917 1995 983 2047 sient
1001 2000 1090 2064 postea
1108 1996 1151 2048 ubi
1165 1984 1232 2049 irisan

120 2081 276 2134 iemaearurn
295 2083 423 2133 mentione
444 2081 487 2132 hie
505 2082 568 2133 taeta
587 2080 659 2133 tacite
694 2095 787 2133 namen
806 2081 871 2148 (iris)
892 2083 1028 2150 repetitur.
1056 2082 1093 2134 Gi.
1114 2097 1140 2133 o.
1155 2081 1182 2134 8.

121 2167 243 2220 adductus
271 2171 311 2219 est
329 2172 357 2218 ut
377 2168 525 2233 cognomina
546 2167 613 2217 inter
632 2181 660 2218 se
764 2165 807 2217 21.
835 2165 1010 2234 Δηϊανειρὶς]
1037 2166 1116 2219 Gadi.
1135 2168 1193 2219 msti
1211 2171 1238 2219 ot

120 2252 424 2323 permutaret“(Woii.).
449 2246 661 2318 aequaverat·
696 2248 756 2300 etttt
781 2251 960 2318 Δηϊανείρης.
993 2252 1098 2304 Literae
1124 2255 1155 2303 H
1176 2255 1240 2304 eti

120 2335 267 2400 touoiroaa
291 2335 425 2402 legendam
450 2350 507 2388 esse
535 2341 580 2401 „et
607 2336 661 2401 ipsa
696 2350 774 2403 saepe
793 2337 1123 2388 commutanturaseribis.
1150 2338 1237 2403 Heyn.

121 2422 234 2475 elamitat
263 2421 385 2473 historiae
414 2422 495 2472 series
524 2425 550 2471 et
575 2421 662 2486 Satyri
697 2420 713 2470 l.
733 2435 754 2471 e.
773 2419 956 2486 Δηϊανειρηῒς
974 2421 1086 2488 scripsit.
1116 2421 1235 2475 Mulier-t

121 2509 291 2576 propositum,
310 2506 352 2573 qai
371 2506 560 2573 aPirilapatore
581 2520 661 2572 usquo
697 2504 862 2570 Δηιανειρὶς
880 2499 939 2556 a'rui
965 2504 1160 2572 [Δηιανείρας]
1185 2507 1237 2573 τῆς

121 2593 152 2645 ad
180 2593 310 2645 Bacchum
337 2591 510 2656 genealogiam
538 2594 661 2659 perterre·
697 2590 762 2655 ttop.
781 2591 837 2640 unt.

120 2680 182 2731 bat“
201 2677 338 2742 (tiaram).
764 2672 807 2724 22.
832 2671 925 2724 ‘'Otirr
1031 2670 1129 2738 δῆμοι]
1165 2673 1236 2726 Haeo

190 2761 232 2814 19.
247 2757 288 2828 ἐν]
305 2760 385 2812 Deest
397 2756 461 2827 apud
475 2758 541 2809 Mor.
554 2761 582 2810 et
594 2756 660 2808 Feil.
696 2757 773 2808 rerba
793 2754 982 2822 transponenda
1004 2770 1061 2808 esse
1082 2761 1141 2809 ante
1161 2758 1237 2811 verba

120 2847 183 2900 Mox
210 2846 282 2899 editt.
308 2845 491 2913 partitionem
515 2856 563 2911 pro
581 2857 662 2894 —ore
690 2834 779 2895 Ὅθεν
809 2840 858 2894 eal
877 2837 919 2894 'ie
946 2838 980 2910 τῇ
1011 2844 1150 2913 Διονυσίᾳ
1178 2847 1235 2897 uri.

120 2933 215 3000 (Van.)
243 2935 270 2984 et
296 2925 370 2983 ciero
396 2945 443 2997 pro
462 2947 535 2989 -ως
558 2929 660 2995 (ven).
696 2928 841 2980 Meinekias
860 2926 877 2976 i.
896 2941 918 2977 e.
937 2926 1091 2980 observavit.

121 3019 186 3071 Tam
213 3017 268 3084 pari
294 3017 367 3068 modo
394 3030 444 3068 non
471 3015 541 3068 εἰσιν
570 3013 661 3079 (Vera.)
764 3011 806 3065 23.
834 3009 982 3079 Ἀριαδνὶς]
1016 3011 1096 3064 Gadi.
1124 3015 1182 3064 meti
1199 3017 1234 3065 'et

120 3103 168 3156 sed
187 3101 252 3156 siae.
581 3096 586 3104 '
696 3097 757 3149 editi
784 3091 937 3163 Ἀριάδνης.
975 3096 1027 3149 Sed
1053 3098 1115 3150 ittud
1141 3112 1234 3152 nomen
1316 3167 1321 3170 -

189 3186 232 3241 20.
258 3181 377 3254 litante]
406 3185 484 3251 Ven.;
507 3182 552 3236 seri
572 3197 661 3235 eorre-
695 3181 830 3248 tegendam
849 3175 915 3248 esse,
935 3185 963 3232 ut
975 3196 1030 3234 eum
1047 3184 1157 3235 caeteris
1172 3199 1233 3235 een-

122 3278 179 3326 etot
198 3273 305 3325 mutavit
323 3285 458 3340 perperam
472 3270 497 3320 in
517 3263 619 3336 altaria,
636 3267 660 3320 id
696 3269 799 3332 sentiat,
813 3269 860 3319 iam
872 3267 1013 3319 Heumann.
1029 3268 1137 3331 (Poscit.
1148 3269 1178 3320 Τ.
1186 3268 1235 3336 lii.

122 3357 190 3426 quei
219 3358 295 3408 etiarn
325 3357 351 3407 in
377 3354 451 3406 Bodl.
482 3359 507 3406 et
536 3355 562 3406 in
589 3352 661 3404 editt.
696 3368 721 3420 p.
734 3352 798 3418 207)
823 3356 850 3405 et
867 3353 965 3403 Maron.
984 3353 1049 3404 bene
1070 3357 1233 3405 monuerunt.

123 3442 202 3495 Gesn.
223 3441 291 3493 Mor.
310 3440 373 3492 Due.
391 3438 456 3490 Feli.
475 3443 566 3490 exstat.
586 3437 660 3489 wat.
764 3435 805 3488 et.
824 3437 1012 3504 narporpltne]
1035 3439 1072 3488 tta
1092 3438 1235 3490 emendavit

121 3527 188 3579 Mar.
220 3525 346 3593 Humpirr.
375 3524 534 3590 seripserunt
563 3517 661 3588 Ἀλθῆς
696 3523 786 3587 walt,
815 3536 862 3587 pro
892 3521 1072 3587 percepitur
1108 3523 1184 3591 [Ven.
1206 3526 1234 3577 et

121 3612 178 3666 seii.
198 3612 300 3678 δῆμος.
333 3608 447 3674 Heynius
466 3607 520 3673 (Ad
540 3605 660 3674 Apellei.
696 3607 784 3670 Boot,
809 3606 888 3658 Gesn.
907 3607 973 3658 Mor.
990 3605 1053 3657 Due.
1071 3606 1165 3673 tetta,
1189 3610 1233 3675 qui

122 3697 190 3750 Bibi.
209 3702 272 3749 nott.
290 3695 320 3748 P.
336 3695 357 3758 l,
377 3693 448 3746 Gatt.
460 3693 539 3757 1783,
559 3708 582 3760 p.
597 3691 660 3759 114)
696 3693 809 3744 vitiosam
828 3692 903 3743 etiam
920 3693 1152 3759 interpunctionem
1172 3695 1232 3764 [po-

122 3783 221 3835 manuit
250 3777 358 3849 arente
388 3779 562 3846 reponendum
593 3791 659 3829 esse.
695 3773 794 3836 ναικὸς
819 3773 850 3829 δὲ
869 3774 1013 3831 Διονύσου
1033 3774 1151 3845 παιδός,
1176 3798 1231 3832 era·

122 3868 175 3920 Pro
188 3865 344 3935 peropima
361 3865 437 3930 (Ven.
457 3868 483 3916 et
500 3863 588 3929 Bodt.)
614 3863 661 3914 ha·
695 3862 833 3928 τροφίλας
850 3864 912 3931 eta]
937 3864 1047 3929 sanavit,
1066 3878 1094 3916 ae
1112 3879 1159 3930 per
1176 3865 1231 3916 iro·

120 3953 185 4006 beni
208 3953 288 4006 Gesn.
312 3951 380 4004 tior·
405 3948 470 4001 Duc.
494 3948 560 4000 Feli.
584 3963 660 4014 pero·
695 3949 762 4001 niam
789 3949 824 3999 ita
844 3948 926 3999 vocari
945 3947 1083 4000 ariadnem
1102 3949 1231 4013 observat,

121 4039 217 4106 pirna.
253 4039 317 4091 Tum
341 4030 471 4096 Ἀλθαίας
497 4034 574 4102 (Ven.
593 4026 660 4100 citn-
695 4034 753 4101 quia
767 4037 863 4101 patrem
875 4032 989 4103 prodidit
1003 4033 1042 4101 [ut
1055 4034 1155 4087 Theseo
1169 4045 1230 4097 gra*

54 4122 57 4126 ’
120 4126 203 4188 irie,
226 4125 357 4177 eorreetar
382 4115 489 4182 citatae
513 4110 660 4187 rescripsit)
694 4116 856 4187 tifieereturJ.
881 4118 1023 4174 Maronea.

122 4224 159 4264 er·
183 4208 252 4278 vair.
276 4203 390 4270 aeetae
418 4222 477 4261 earn
504 4205 606 4272 Hernio
633 4207 662 4259 ot
752 4200 794 4258 26.
807 4198 946 4273 lepnppp‘
954 4199 1134 4270 ueapenrari]
1148 4197 1229 4258 cett.

975 4298 1021 4356 5*
