2836 4852
440 254 764 331 theutonicum
788 255 865 320 ΠΒ.
883 255 939 318 111.
1179 253 1245 321 229

96 401 211 487 ·item
238 426 348 505 ipnete
375 427 471 506 feisse
500 428 575 505 [eon
598 445 674 507 opes
696 435 741 490 est
765 436 800 490 et
822 427 988 508 coponem]
995 448 1005 499 3
1033 425 1125 490 mille.
1141 433 1242 490 uetere

132 534 319 615 affluxerunt
340 534 389 596 oet
407 537 452 598 bie
473 536 555 598 mille
577 537 651 597 enni
672 554 712 598 ete
731 558 791 619 pec
809 536 1014 619 prodierunt:
1032 537 1151 616 peetim
1168 534 1243 597 inde

132 665 152 704 e
171 643 318 705 Daedale
345 648 454 708 itenem
474 649 596 708 tecente
619 654 697 718 sent,
716 649 835 728 partim
857 647 931 708 inde
952 647 991 709 ele
1012 644 1147 726 Orpheo,
1166 665 1241 726 pee-

132 754 186 814 tim
209 753 283 814 tede
305 776 324 815 o
346 754 524 817 Palamede.
569 758 654 827 Quae
677 775 769 834 quum
797 757 883 817 faeta
911 773 984 817 esse
1014 756 1106 833 dicit,
1134 756 1241 815 docies

130 864 246 924 millies
269 866 427 942 myriades
448 883 466 925 a
490 866 608 927 diluvio
631 867 671 926 nd
694 867 869 927 Daedalum
892 868 1043 926 numerat.
1087 863 1129 925 nt
1149 880 1242 940 quum

130 975 227 1034 multa
241 975 281 1034 dc
300 975 397 1034 variis
413 991 472 1051 per
486 976 594 1035 orbem
611 976 792 1036 civitatibus
807 979 840 1035 et
854 976 1102 1037 habitationibus
1118 975 1151 1034 et
1164 990 1241 1054 gen·

130 1083 214 1143 tibus
239 1085 382 1159 dixisset,
405 1083 524 1144 fatetur
546 1085 625 1145 haec
648 1102 683 1144 se
707 1085 886 1146 coniectori
910 1086 1038 1146 dixisse.
1073 1086 1128 1144 Ait
1143 1084 1241 1145 enim:

131 1189 260 1274 Siquis
284 1195 390 1273 ipitne,
413 1214 432 1253 o
455 1193 574 1273 hospes,
596 1196 682 1255 nobis
700 1193 888 1274 pellicentes·
910 1194 983 1255 dene
998 1198 1069 1274 fore
1082 1203 1126 1263 nt,
1146 1193 1173 1253 si
1194 1190 1241 1253 le·

129 1321 201 1381 pum
217 1303 413 1381 ferendunum
432 1305 581 1363 rationem
598 1303 794 1364 considerare
808 1303 1037 1382 appositionem,
1059 1302 1242 1363 sermonibus

128 1430 207 1472 nene
225 1410 360 1490 protetio
384 1414 444 1471 cto.
484 1413 642 1472 Videlicet
672 1412 853 1474 coniectura
873 1413 998 1473 locutus
1020 1414 1079 1472 est.
1124 1410 1242 1480 Quodsi

130 1519 319 1607 coniectent,
339 1536 401 1578 non
423 1520 569 1596 profecto
591 1537 669 1581 vcra
694 1524 767 1582 sunt
789 1538 869 1598 qnae
892 1523 932 1582 ab
955 1522 1094 1581 codicia
1116 1522 1198 1581 sunt.

218 1633 282 1689 tis
298 1628 403 1689 Satius
431 1629 529 1704 igiter
557 1633 607 1688 est
627 1631 780 1690 alumnum
805 1647 877 1690 esse
899 1631 1085 1708 disciplinae
1104 1630 1241 1705 divinae,

131 1740 387 1816 quamadmodum
410 1741 443 1797 et
464 1739 533 1814 ipsa
555 1739 721 1798 confitetur
743 1756 804 1798 non
825 1741 920 1800 alitor
938 1757 1035 1817 possa
1057 1757 1166 1800 verum
1189 1757 1241 1800 ae·

130 1851 239 1910 curate
251 1849 345 1926 disci,
367 1849 428 1908 nisi
452 1848 529 1908 dens
553 1848 666 1909 doceat
679 1865 745 1925 per
761 1849 873 1925 legem.
908 1851 988 1918 Quin
1005 1851 1108 1911 vorot
1131 1849 1241 1909 Nonne

132 2121 198 2174 Dein
217 2120 276 2172 Per.
296 2120 338 2182 τίς
355 2117 403 2172 καί
419 2113 486 2187 ἡμῖν
502 2113 667 2187 ὑπόσχηται.
772 2123 796 2174 1.
822 2118 932 2190 anticio]
959 2122 1014 2174 Per.
1035 2117 1115 2190 οιαθοὶ
1140 2117 1239 2187 (ο.19.

131 2206 197 2258 Fell-
224 2206 266 2266 τίς
291 2199 358 2270 ὑμῖν
385 2199 546 2271 ὕποσχοῖιο.
586 2205 666 2258 Geso.
704 2223 728 2259 n.
746 2207 772 2273 8,
792 2224 814 2258 c.
835 2207 878 2260 20.
897 2223 921 2260 n.
940 2207 984 2270 22,
1003 2209 1058 2273 al.).
1077 2235 1110 2245 -
1143 2205 1237 2266 Locus,

131 2291 272 2355 linoltlor.
290 2292 352 2342 hier.
368 2289 411 2350 τίς
429 2294 486 2354 (τις
501 2291 580 2354 liter.)
599 2283 667 2356 ἡμῖν
702 2295 728 2344 in
748 2306 797 2358 quo
816 2295 909 2344 letetur
928 2293 1000 2344 Plato
1017 2294 1144 2344 neminem
1161 2305 1238 2359 posse

131 2371 291 2443 deceptione
315 2376 393 2443 (Ven.
418 2379 444 2426 et
461 2374 558 2440 Both).
592 2373 668 2425 Wolf.
703 2392 790 2429 verum
810 2392 962 2442 pernoscere
981 2378 1029 2429 nisi
1049 2391 1062 2427 n
1081 2377 1128 2427 deo
1146 2375 1238 2427 docea-

133 2467 160 2514 et
185 2463 310 2530 Herophr.
338 2479 380 2520 τις
408 2461 463 2527 (τίς
485 2459 572 2520 Wolf.)
601 2455 669 2526 ἡμῖν
703 2466 753 2522 tur,
773 2475 786 2511 a
804 2460 904 2511 lustino
926 2460 1017 2518 citetur
1040 2460 1143 2511 cohart.
1159 2457 1237 2511 est.

130 2541 284 2614 destupesco
306 2562 328 2599 o.
342 2546 421 2598 Ptat..
441 2546 503 2597 Turn
522 2539 572 2597 ieie
585 2544 666 2596 Hern-
703 2545 821 2598 Occurrit
847 2547 929 2595 entem
951 2545 976 2595 in
996 2545 1104 2595 Mencne
1124 2543 1238 2595 Plutonis

131 2636 189 2703 phr.
208 2648 229 2684 c.
248 2633 313 2686 Plet.
337 2647 384 2698 pro
403 2623 447 2684 de.
483 2631 565 2683 Porro
589 2630 667 2680 uerbo
703 2627 808 2698 [12:100
822 2627 857 2695 B]
879 2632 905 2678 et
922 2629 959 2679 sic
976 2629 1066 2678 trabat:
1087 2626 1125 2679 nt
1138 2623 1169 2678 dh
1185 2628 1239 2678 eie

132 2716 349 2786 ἐπιχειρήσωμεν
365 2717 431 2769 Tell.
449 2716 524 2768 wolf.
541 2713 667 2779 llumphr.
702 2709 782 2781 ἡμεῖς
809 2710 838 2766 tv
864 2711 952 2766 nevel
978 2712 1018 2781 τῷ
1046 2705 1118 2784 λόγῳ
1143 2706 1237 2778 τούτῳ

131 2821 165 2859 cx
179 2806 244 2858 Plei.
262 2803 357 2856 addunt
369 2796 401 2853 τὸ
417 2795 556 2864 δεύτερον.
585 2798 667 2850 Verte
702 2799 792 2862 καλῶς
808 2793 979 2870 ἐζητήοομὲν
995 2816 1024 2851 τε
1040 2800 1088 2852 unt
1101 2795 1237 2866 ἐλέγομεν,

132 2891 190 2945 τῶν
208 2890 260 2943 eie
276 2885 428 2953 εἰρημένοι
445 2900 485 2952 ap.
504 2884 584 2936 Gesn.
604 2883 666 2935 Duc.
703 2879 788 2954 ἀρετή
810 2876 846 2938 ἂν
864 2883 907 2953 etp
926 2879 992 2939 οὔτε
1010 2881 1096 2951 φύσει
1114 2877 1178 2938 eries
1194 2884 1235 2937 δι-

130 2976 200 3030 Mor.
218 2972 285 3025 Tell.
303 2973 339 3023 itu
356 2975 472 3040 separata
496 2973 556 3022 sunt
574 2970 603 3019 eb
622 2983 667 3019 en·
702 2965 816 3038 δακτόν,
837 2965 904 3023 citici
921 2970 990 3041 θείᾳ
1010 2970 1097 3042 μοίρᾳ
1115 2990 1235 3039 παραγι-

129 3059 323 3122 tecedentibus,
348 3072 376 3110 ac
393 3058 415 3108 si
432 3059 521 3108 essent
538 3070 588 3106 non
607 3054 667 3106 Ple·
701 3050 892 3123 septennium
914 3057 968 3109 ocri
991 3054 1035 3118 ele
1059 3049 1094 3110 de
1116 3056 1236 3125 παραγί-

131 3147 200 3200 eones
226 3145 271 3196 see
297 3140 439 3212 nicephor.
476 3140 555 3193 seeo
578 3140 666 3193 erato:
701 3160 793 3209 ιηιαι.
829 3143 887 3195 uon
909 3143 984 3195 arium
1003 3131 1104 3196 eruitur
1122 3144 1237 3197 erutonis

133 3225 285 3300 λόγονού
309 3227 419 3294 χείρους
446 3221 508 3280 orid’
534 3222 667 3284 ἐλάττους
701 3230 782 3282 locum
809 3228 965 3295 Theophilus
990 3231 1017 3281 in
1043 3220 1165 3281 memorie
1190 3231 1236 3281 he·
1333 3284 1336 3289 ⁴

132 3313 330 3381 ἀκουσόμεθα,
356 3305 467 3381 μακρὰν
492 3303 527 3363 ἂν
555 3307 668 3375 ἔλθοιμι
700 3315 795 3367 buisse.
822 3314 875 3366 Nee
892 3315 975 3381 magni
991 3308 1085 3378 'refert
1103 3314 1170 3382 quod
1185 3315 1237 3367 vir-

132 3400 213 3471 tpepe
231 3403 257 3456 h.
273 3416 294 3452 e.
313 3397 477 3451 sermonibus
489 3412 560 3448 neno
572 3397 666 3463 prele-
700 3405 742 3452 tns
760 3399 826 3468 apud
840 3399 979 3463 Platonem,
998 3401 1054 3452 veri
1073 3401 1183 3466 cognitio
1197 3407 1237 3454 est

132 3491 169 3542 tte
187 3503 241 3539 een
259 3485 402 3538 deteriores
421 3496 508 3548 reoque
522 3483 666 3548 peractores
701 3482 766 3553 apud
779 3484 954 3554 Theophilum.
972 3483 1035 3536 Eam
1048 3484 1115 3536 enim
1126 3487 1180 3538 veri
1193 3499 1236 3537 co-

131 3575 281 3636 audientes,
298 3571 405 3635 teepem
423 3567 543 3633 equidem
556 3567 610 3616 iter
622 3565 666 3632 fe·
701 3569 840 3635 petitionem
860 3568 980 3632 intelligit
998 3568 1152 3636 Theophilus
1172 3586 1237 3638 qnne

132 3661 211 3713 ciem
247 3657 360 3708 Maean:
384 3653 443 3719 „Ex
467 3653 507 3704 his
532 3651 667 3718 [Elymia
701 3653 730 3705 ad
749 3653 854 3704 salntem
873 3651 1003 3718 perducat.
1039 3651 1092 3704 Sed
1109 3653 1131 3705 si
1150 3656 1237 3709 Pleto-

132 3744 202 3812 κοί]
232 3741 329 3806 colligit
354 3738 508 3805 Theophilus
535 3737 665 3789 Platonem
702 3738 742 3790 nis
763 3752 864 3790 sensnm
883 3736 1039 3803 Theophilus
1058 3744 1174 3793 accurate
1193 3757 1235 3794 se-

132 3827 290 3883 ceniicicndo
309 3828 439 3891 loqnutnm
458 3838 525 3888 esse,
542 3838 590 3874 nec
607 3822 666 3888 ipsi,
702 3823 801 3890 quitnr‚-
813 3821 946 3887 legendnm
967 3823 1016 3874 erit
1033 3823 1099 3890 δίχα
1115 3823 1172 3878 τοῦ
1186 3822 1235 3879 νό-

133 3919 161 3967 nt
181 3911 313 3981 prophetis
337 3910 443 3978 spiritis
467 3907 559 3961 anxilio
584 3906 667 3971 tretis,
701 3925 766 3974 μου,
787 3907 856 3959 sine
875 3908 966 3974 lege,
985 3908 1052 3977 quod
1070 3910 1236 3976 respondebit

132 3998 291 4067 exploratum
309 3995 388 4047 tuisse
407 3992 506 4046 dicendi
525 3993 650 4044 enituere*
702 3993 815 4046 Platonis
848 3993 931 4046 verbis
961 3989 1029 4049 ἄνευ
1056 3997 1127 4056 eei,
1158 3995 1235 4047 sine

200 4082 242 4136 12.
261 4079 347 4149 ἐστιν]
368 4081 428 4132 len.
444 4083 470 4131 et
486 4078 559 4131 Bedl.
569 4097 575 4139 5
586 4077 666 4130 enin.
701 4081 751 4133 sci
761 4080 864 4132 entia.
882 4079 1023 4133 Maeones.
1050 4081 1108 4133 Noli
1127 4083 1234 4132 mutare.

132 4166 199 4224 ἐστι.
753 4165 777 4216 2.
792 4163 827 4216 Τί
837 4162 882 4227 δίς
900 4161 982 4233 Οὐχί]
999 4167 1079 4232 Vulgo
1089 4165 1117 4218 τί
1126 4161 1152 4218 δ’
1163 4159 1236 4232 oripi.
