2836 4852
489 287 874 367 PROLEGOMENA.
1161 311 1238 372 xxv
1354 325 1359 340 =

126 476 232 557 'lom
252 481 296 554 ll.
313 502 349 576 p.
368 484 459 574 113)
485 501 526 553 sc
544 479 745 572 Theophili
763 481 964 574 exemplar,
990 493 1038 552 ex
1054 456 1128 572 quo
1144 485 1237 557 editi

126 610 310 701 fluxerint,
335 608 522 677 invenisse
541 607 580 676 in
598 607 824 677 bibliotheca
838 604 1019 677 Matthiae
1038 606 1235 706 (Corvini),

127 733 388 825 hungarorum
421 733 532 823 regis.
583 730 656 801 Ubi
680 730 809 824 hodie,
835 731 867 800 si
891 737 1079 826 superest,
1106 746 1234 805 assen-

64 946 69 953 ι
123 865 238 929 vetur
262 858 396 930 nescio.
447 855 552 926 lllius
576 856 670 926 enim
692 853 959 948 bibliothecae,
977 852 1146 930 ¹Budae
1169 879 1236 932 as-

126 990 320 1076 servatae,
355 983 472 1052 libros
499 1000 608 1070 quum
633 980 697 1050 alii
721 986 798 1052 tum
823 978 970 1051 'l'urcae
995 983 1236 1064 abstulerunt

126 1107 169 1177 ln
203 1108 371 1198 margine
393 1107 580 1176 editionis
616 1106 773 1194 praebet
805 1102 994 1175 Gesncrus
1028 1126 1237 1199 perpaucas

126 1233 375 1303 coniecturas
392 1246 397 1252 ·
417 1230 560 1303 Passim
592 1235 733 1300 textum
762 1229 902 1300 codicis
929 1230 1040 1302 tacite
1070 1237 1234 1331 mutavit,

125 1362 167 1426 ut
189 1377 209 1426 e
233 1355 680 1426 versione-Clausetiam
708 1355 883 1444 patescitt
909 1353 956 1425 ci.
981 1370 1075 1443 quae
1100 1361 1235 1433 obsen-

125 1481 216 1550 vavi
240 1482 289 1550 ad
311 1480 374 1549 lib.
391 1478 418 1548 l.
443 1500 473 1548 c.
489 1482 524 1548 9.
544 1500 579 1547 n.
597 1482 633 1569 l,
657 1478 720 1546 lib.
736 1476 781 1545 ll.
805 1498 835 1547 c.
853 1480 887 1547 2.
910 1500 945 1548 u.
959 1479 995 1571 3,
1021 1498 1052 1548 c.
1068 1481 1127 1550 10.
1146 1486 1233 1580 nd,

126 1623 158 1673 c.
181 1605 240 1672 12.
266 1624 300 1671 u.
315 1604 381 1694 11,
407 1623 439 1673 o.
458 1605 517 1674 18.
543 1605 635 1693 nl,
659 1600 722 1670 lib.
739 1599 800 1669 III.
826 1621 858 1671 c.
872 1605 907 1672 l.
931 1623 963 1672 n.
980 1602 1014 1672 3.
1031 1603 1072 1696 b,
1096 1625 1127 1677 o.
1144 1608 1179 1678 7.
1198 1622 1233 1681 n

125 1731 160 1820 6,
185 1746 215 1798 c.
233 1728 291 1796 12.
316 1728 427 1820 ull,
454 1747 484 1796 c.
501 1726 561 1795 20.
582 1744 617 1794 n.
632 1724 691 1795 15.
709 1726 768 1795 19.
783 1726 843 1819 21,
870 1746 900 1797 c.
915 1725 976 1798 ab.
996 1747 1030 1797 n.
1048 1729 1107 1823 16,
1129 1750 1159 1802 c.
1173 1734 1233 1805 27.

125 1872 160 1921 n.
183 1850 244 1921 15.
281 1871 285 1877 ’
891 1874 896 1883 ·
1056 1900 1060 1905 -

226 1973 364 2053 lterum
389 1993 482 2065 opus
498 1971 698 2064 Theophili
712 1973 853 2063 prodiit
872 1973 910 2042 in
927 1973 999 2047 hac
1014 1979 1233 2055 collectione

126 2097 366 2171 axloanne
402 2098 623 2169 Heroldo
654 2102 812 2188 parata:
846 2094 1234 2198 „Orthodoxographa

125 2224 339 2314 theologiae
371 2228 630 2294 sacrosanctae
661 2244 706 2293 ac
738 2223 962 2313 syncerioris
981 2223 1068 2297 fidei
1091 2228 1232 2301 llocto·

125 2368 188 2420 res
222 2368 373 2420 numero
400 2344 584 2417 LXXV1“
614 2353 683 2417 etc,
714 2347 885 2418 Basileae
914 2351 1000 2440 (per
1033 2352 1231 2429 Henricum

123 2473 246 2562 Petri)
263 2493 296 2543 a.
315 2472 425 2555 1555.
446 2472 526 2541 llol.
548 2491 583 2560 p.
598 2469 820 2541 ese-350:
853 2476 1057 2561 »Θεοφίλου
1072 2481 1232 2564 θεολόγον

123 2597 351 2665 παλαιοτάτου
380 2594 464 2681 πρὸς
489 2592 679 2662 Αὐτόλυκον
707 2596 818 2678 βιβλία
843 2597 958 2681 ‘estod‘
995 2633 1040 2646 -
1090 2597 1232 2674 Textus

123 2739 294 2812 graecus,
319 2717 378 2787 cui
397 2715 522 2785 versio
545 2716 661 2785 latina
684 2714 847 2787 Conradi
869 2713 1037 2787 Clauseri
1060 2723 1109 2791 ad
1134 2724 1232 2798 latus

122 2845 270 2915 adiecta
294 2849 362 2934 est,
389 2860 473 2910 cum
495 2840 592 2909 notis
618 2834 883 2929 marginalibus
909 2861 956 2913 ex
980 2836 1140 2920 editione
1161 2848 1232 2921 'ri-

123 2969 256 3061 gnrina
280 2965 459 3057 repetitus
483 2970 550 3034 est.
1053 3015 1055 3018 ,

223 3091 326 3162 Idem
357 3088 556 3180 'lheophili
583 3108 682 3179 opus>
704 3088 745 3160 in
775 3091 875 3161 calce
912 3088 1074 3182 Operum
1103 3093 1232 3169 Iustini

123 3219 217 3290 Phil
251 3222 289 3286 et
322 3213 434 3285 Mart
462 3235 535 3285 una
565 3234 647 3285 cum
672 3214 935 3303 Athenagorae
961 3212 1109 3289 'l'atiaui
1132 3220 1231 3293 Her·

123 3344 219 3414 miae
245 3339 394 3430 scriptis
421 3339 541 3410 emisit
572 3338 827 3407 lluoumcus
852 3336 1095 3413 Moannuns
1119 3344 1232 3417 Pari-

122 3470 189 3540 siis
217 3484 313 3538 anno
339 3463 449 3534 1615.
476 3464 556 3538 Pol.
584 3462 752 3552 Append.
775 3481 811 3551 p.
836 3463 1029 3534 69-146
1055 3473 1113 3562 et,
1138 3470 1231 3542 locis

123 3594 265 3680 aliquot
291 3588 512 3682 emendatis,
545 3589 673 3657 denuo·
691 3585 800 3656 1636.
832 3585 912 3658 Fol.
940 3589 1110 3681 Append.
1145 3594 1231 3685 (iis-

125 3718 209 3787 dem
237 3714 382 3806 paginis
410 3712 587 3802 servatis)
618 3732 654 3802 p.
680 3710 887 3780 (le—14⁰:
925 3717 1119 3804 »Θεοφίλου
1146 3721 1231 3809 πρὸς

122 3832 350 3909 Adidtouorf‘
376 3876 428 3890 —
472 3835 629 3906 'l'extum
659 3835 830 3906 editionis
860 3836 1060 3927 Tigurinae
1089 3843 1229 3928 absque

122 3963 221 4031 notis
249 3961 436 4055 exhibuit,
475 3960 528 4030 ita
556 3962 695 4054 tamen,
730 3966 771 4029 ut
806 3961 1036 4032 eoniectures
1074 3960 1230 4032 Gesneri

122 4086 349 4177 marginales
372 4086 410 4155 in
433 4104 513 4155 eum
538 4084 631 4154 clam
654 4084 876 4165 admitteret.
909 4086 1114 4186 Praeterea
1136 4105 1230 4157 ver·

122 4211 264 4284 sionem
297 4208 468 4293 Clausen-i
493 4189 639 4280 adiecit.
689 4206 869 4296 Equidem
895 4209 1051 4279 alterius
1082 4205 1229 4284 Motel-
