2836 4852
430 269 910 350 nnnuronncunuruu.
1184 271 1226 338 rs

116 443 202 512 Quae
233 458 324 519 quum
354 443 494 522 diceret,
526 461 565 504 uo
596 445 675 505 illud
705 446 829 521 quidem
860 446 1088 506 demonstravit
1115 462 1134 506 a
1163 464 1225 522 quo

115 552 240 612 oondita
263 555 379 612 essent.
423 550 500 612 Nam
524 553 551 612 si
572 554 662 613 initio
686 554 781 614 obaos
804 555 890 630 erat,
917 557 950 614 ot
971 553 1102 615 matoria
1124 571 1225 632 quae»

114 661 183 721 dam
205 660 346 720 increata
367 662 587 738 praeexstitit:
610 659 678 737 quis
700 662 824 722 tandem
847 680 914 722 earu
938 665 1096 742 disposuit
1114 667 1146 724 et
1169 681 1225 726 or·

59 848 63 854 ι
114 769 186 828 dine
216 769 378 845 formaque
410 771 564 830 donavitl
607 770 713 830 Utrum
743 772 888 830 materia<
907 773 968 831 sibi
998 774 1070 850 ipsa
1092 773 1223 834 formem

114 880 147 937 et
169 882 311 938 ornatum
334 879 480 938 adordiri
509 879 587 938 Nam
608 879 750 956 iuppiter
772 881 868 940 multo
892 883 966 941 natu
988 884 1223 961 posteriorem,

112 1003 174 1046 non
204 989 306 1048 solum
333 983 465 1047 materiai
493 989 550 1048 sed
579 989 671 1047 etiam
697 990 810 1060 mundo
840 994 873 1050 et
899 991 1055 1052 homiuum
1082 990 1225 1054 multitu·

114 1096 201 1173 dina,
230 1097 320 1156 immo
348 1097 446 1173 ipsius
474 1098 567 1157 etiam
598 1099 691 1175 pater
720 1098 881 1161 Saturnus.
924 1100 973 1159 An
995 1102 1100 1179 potius
1128 1118 1223 1163 oausa

116 1206 267 1280 quaedam
291 1206 438 1283 prinoaps
461 1207 584 1266 exstitit
607 1223 687 1282 quae
710 1224 779 1268 eam
803 1209 942 1287 iaceret,
974 1211 1063 1269 deum
1089 1209 1175 1286 dioo,
1204 1227 1223 1268 a

113 1329 175 1388 quo
198 1315 292 1373 etiam
315 1318 457 1375 ornatum
479 1317 627 1393 aooepiti
664 1317 750 1386 'Quin
779 1319 873 1378 etiam
900 1319 981 1378 omni
1008 1334 1140 1395 prorsus
1168 1334 1223 1377 ra-

110 1423 198 1482 tione
223 1424 333 1499 nugari
361 1425 518 1483 invenitur
546 1427 579 1483 ot
608 1441 712 1486 sonum
743 1443 894 1504 pugnare.
938 1425 1014 1486 Nam
1040 1444 1132 1502 quum
1153 1428 1223 1486 ter·

109 1548 179 1591 ram
203 1533 236 1590 et
248 1532 377 1590 eoelum
400 1534 432 1590 et
454 1549 540 1591 mare
562 1534 713 1611 dixisset,
742 1552 782 1593 ex
810 1537 848 1595 iis
869 1537 958 1594 ortos
979 1537 1057 1595 deos
1078 1551 1151 1594 osse
1173 1535 1223 1593 in·

110 1641 223 1720 tendit,
247 1657 288 1699 ex
310 1641 359 1699 bis
386 1657 463 1698 vero
485 1640 627 1700 homines
650 1644 799 1717 quosdam
821 1644 992 1704 horribiles
1014 1645 1142 1704 deorum
1166 1660 1222 1704 oo·

110 1752 225 1827 gnatos
247 1749 428 1826 praedicat,
458 1765 558 1825 genus
582 1751 723 1811 Titanum
738 1755 786 1810 -et
810 1751 982 1830 Cyclopum
1003 1756 1036 1811 et
1058 1751 1222 1829 Gigantum

106 1860 252 1935 turbam,
282 1874 340 1917 neo
369 1872 430 1916 non
450 1855 680 1934 Aegyptiorum
705 1862 851 1946 deorum,
883 1861 935 1921 vel
962 1863 1096 1938 [potius]
1121 1877 1221 1922 vano-¹

111 1987 179 2029 rum
209 1969 379 2042 hominum,
408 1969 441 2025 ut
472 1968 609 2027 meminit
636 1969 862 2047 Apollonides,
891 1972 1096 2047 cognomento
1117 1969 1222 2030 Hora-

111 2079 200 2156 pius,
227 2079 291 2137 tum
321 2077 353 2135 in
384 2077 467 2134 libro
496 2077 550 2152 qni
578 2077 760 2138 inscribitur
781 2077 982 2140 Semanouthi
1011 2081 1074 2139 tum
1097 2081 1128 2138 in
1149 2079 1221 2140 aliis

111 2187 254 2247 historiis
288 2169 328 2246 ab
359 2202 398 2246 eo
421 2187 548 2264 scriptis
573 2188 612 2246 de
635 2187 791 2263 religione
816 2184 1013 2266 Aegyptiaoa
1037 2189 1221 2266 stragibus

109 2297 290 2374 Aegyptiis.

198 2408 226 2464 7.
252 2405 330 2474 Quid
353 2405 489 2465 reseram
511 2404 701 2466 Graecorum
727 2404 853 2466 tabulas
883 2410 916 2467 et
938 2407 1118 2466 inanitatem
1140 2421 1221 2483 ope·

109 2673 141 2723 o.‚
161 2669 267 2724 quocum
283 2657 341 2710 Car.
355 2656 482 2710 Mulierus
502 2657 645 2723 (Fragmm.
752 2656 775 2708 1.
795 2653 842 2708 uni
854 2652 905 2723 τήν
921 2652 942 2708 ί.
956 2674 984 2707 α.
996 2654 1220 2722 ματαιοπονίαν]

108 2741 224 2794 historio.
244 2757 328 2809 graec.
349 2741 403 2793 Vol.
424 2741 473 2807 lli,
493 2742 550 2794 Par.
570 2740 646 2808 1851,
681 2743 751 2794 Haeo
768 2744 844 2795 verba
869 2744 895 2794 in
914 2742 1031 2794 omnibus
1058 2740 1129 2793 codd.
1148 2743 1220 2794 mstis

109 2841 135 2893 p.
161 2819 224 2892 309)
253 2828 327 2892 lacit,
355 2827 463 2879 coniecit
486 2827 646 2879 scribendum
682 2831 708 2879 et
722 2826 797 2880 edilis
814 2825 930 2880 odfin.
943 2831 1001 2891 post
1014 2824 1150 2895 βασιλέων
1167 2821 1218 2880 noi·

105 2907 266 2978 Ὡρατίων,
299 2913 356 2978 quia
383 2911 528 2962 terminatio
553 2912 580 2962 in
608 2930 647 2965 αν
682 2912 738 2964 τῶν
757 2912 795 2976 (ln.
815 2928 836 2963 o.
856 2912 1053 2979 Aegyptiorum)
1071 2912 1153 2964 losum
1171 2913 1215 2964 ob-

106 2996 242 3064 Aegyptiis
267 2997 345 3049 luerit
365 2996 504 3048 familiaris.
539 2997 647 3050 Deriva-
681 2997 772 3048 tinent.
793 2996 856 3048 Tum
872 2995 960 3056 sallem
975 2995 1135 3048 scribendum
1151 2999 1217 3048 erat:

107 3081 146 3133 vit
170 3082 199 3134 ab
224 3083 295 3134 Horo
320 3087 346 3134 el
364 3082 424 3149 Api.
461 3083 595 3134 Caeterum
615 3084 648 3136 oi.
681 3079 728 3134 καὶ
754 3082 816 3150 τῆς
845 3075 940 3134 αὐτοῖν
966 3080 1218 3148 ματαιοπονίας,

108 3180 131 3219 ο.
145 3166 171 3218 7.
190 3182 214 3217 ιι.
230 3166 254 3218 1.
279 3165 356 3218 Video
371 3165 509 3220 Eudooiam
521 3167 646 3219 Matrem·
681 3171 707 3218 et
731 3167 788 3234 (de)
812 3181 882 3218 νοτιο
900 3180 992 3217 eornm
1017 3170 1120 3233 (rogum
1139 3165 1218 3232 Aeg.)

106 3251 248 3313 bolitissarn
262 3250 408 3303 inviolario
425 3249 536 3316 (Aneod.
549 3266 589 3318 gr.
605 3251 645 3306 ed.
681 3251 770 3303 laboro
798 3251 852 3303 scil.
877 3251 903 3302 in
927 3250 1045 3316 operibus
1071 3250 1124 3302 suis
1150 3250 1176 3300 b.
1194 3267 1219 3302 e.

108 3335 296 3398 Villoison.·T.
315 3335 336 3386 1.
362 3336 451 3387 Vener.
470 3335 546 3387 1781.
573 3336 645 3402 ror.)
674 3336 723 3401 (ut
753 3335 819 3387 Feli.
851 3334 971 3400 coniecit)
1003 3335 1030 3386 iu
1063 3333 1220 3402 pyramidum
1314 3387 1315 3392 ,
1396 3308 1400 3314 .

107 3437 132 3490 p.
144 3419 179 3474 49
198 3419 228 3473 ad
246 3418 314 3473 huno
329 3420 461 3487 Theophili
480 3421 561 3472 locum
581 3421 646 3478 baud
681 3424 817 3471 structura.
855 3419 923 3484 Sed,
946 3423 975 3470 ut
1002 3419 1123 3471 Marinus
1150 3423 1219 3471 neoto

107 3506 183 3559 dubio
207 3507 370 3572 respexisse,
396 3520 469 3573 quem
496 3509 581 3557 tamen
605 3507 646 3558 in·
681 3503 819 3568 aduolauit,
838 3503 907 3554 nulla
926 3502 976 3554 illis
994 3504 1081 3556 verbis
1099 3507 1221 3572 superest

105 3589 244 3660 terpolavii
261 3591 310 3654 sio:
334 3585 543 3657 Ἀπολλωνίδης,
564 3584 578 3643 ὁ
598 3588 646 3643 καί
681 3586 833 3653 difficultas,
866 3589 888 3643 si
915 3587 1034 3653 leguntur
1062 3591 1122 3654 post
1150 3583 1218 3648 rosio

103 3669 243 3739 Ὀοοῖπιος
275 3671 451 3742 ἐπικληθείς,
486 3672 643 3742 ἱστορικός·
680 3670 751 3725 κατα
771 3665 907 3738 Ἕλληνας
925 3670 1054 3738 μύθους,
1075 3673 1119 3739 qui
1137 3674 1218 3728 mani-

104 3758 211 3828 ίγραψο
229 3760 293 3826 περί
311 3778 340 3814 τα
355 3761 406 3828 τῆς
423 3760 576 3826 θρησκείας
594 3762 645 3829 τῆς
680 3759 761 3809 festus
781 3761 821 3810 est
839 3772 926 3810 eorum
944 3757 1022 3811 locus.
1059 3759 1129 3812 Infra
1147 3759 1219 3815 c.1a

104 3845 295 3914 Αἰγυπτιακῆς
306 3842 355 3896 καὶ
369 3844 425 3896 τῶν
441 3842 580 3913 βασιλέων
594 3841 645 3897 αὖ·
681 3841 711 3894 (1ο
736 3843 848 3910 profanis
874 3843 1055 3910 scriptoribus:
1080 3837 1146 3910 ἡίν
1164 3835 1218 3896 αὖ·
1288 3868 1293 3873 ·

104 3931 175 3996 τᾶν,
189 3928 239 4002 ναί
254 3930 309 3997 ,τῆς
325 3926 354 3982 ἐν
369 3924 468 3990 αὐτοῖς
484 3945 644 3995 ματαιοπο-
681 3931 742 3987 τοῖς
759 3927 912 3994 πολυλογία
927 3922 1082 3995 εὑρίσκεται
1098 3942 1215 3995 ματαιο·

104 4016 179 4082 νίας,
197 4011 228 4068 is
244 4017 361 4075 πολλοῖς
377 4012 517 4081 ἱστορίαις
530 4011 577 4066 καί
589 4013 643 4080 μοί-
680 4014 774 4066 novior.
800 4013 858 4066 Lib.
875 4013 922 4066 lll.
941 4030 962 4066 ο.
976 4013 1006 4067 1:
1025 4010 1128 4082 μύθων
1143 4007 1217 4065 ἅνω·

104 4104 195 4155 λιαταν
210 4093 240 4154 ἐν
264 4100 299 4169 τῇ
327 4099 413 4172 βίβλῳ
438 4099 473 4168 τῇ
492 4093 643 4166 ίναγραφο-
680 4100 774 4169 maloin
794 4097 842 4153 καί
861 4099 911 4169 τῆς
934 4101 1033 4168 λοιπῆς
1057 4113 1216 4165 ματαιοπο-

102 4182 178 4256 μίνῃ»
191 4185 362 4254 timendi.
679 4185 750 4246 νίας.
1161 4203 1164 4206 ⁴
