2836 4852
205 294 231 377 e
264 372 267 375 ,
562 266 951 341 rnonnoounnn.

206 464 293 531 runt
318 457 370 548 (c.
392 456 456 547 2),
482 456 578 525 inter
604 476 690 525 sese
721 463 758 526 et
794 476 919 526 secum
942 453 1014 544 ipsi
1041 452 1201 546 litigant,
1228 456 1322 524 deos

206 596 291 655 csse
311 600 406 664 nunc
430 585 601 650 asserunt
626 601 721 650 nnnc
748 585 904 671 negant,
939 577 1211 668 providentiam
1235 599 1322 650 mox

207 706 410 779 defendunt
435 724 520 774 mox
544 710 726 796 evertunt,
753 710 881 795 stupra
905 708 943 772 et
968 704 1151 773 adulteria
1177 703 1321 796 docent,

206 832 297 925 ipsis
324 831 395 899 diis
422 828 611 922 horrenda
639 828 779 919 flagitia
808 835 846 897 et
879 830 1057 898 scelestas
1094 846 1229 897 coenas
1259 838 1322 898 at-

208 956 374 1029 tribuunt
401 956 452 1044 (o.
476 954 533 1043 3).

308 1077 496 1149 Eiusmodi
528 1077 641 1147 rebus
674 1075 904 1168 Theophilus
934 1080 1106 1147 lubenter
1141 1099 1323 1168 superse-

208 1207 343 1297 disset3
384 1204 453 1273 sed
486 1221 594 1289 quum
629 1202 775 1274 videret
796 1202 1020 1295 Autolycum
1049 1201 1170 1272 adhuc
1200 1204 1322 1274 animo

208 1332 386 1402 fluctuare
410 1348 454 1397 ac
475 1327 704 1397 sermonibus
725 1328 912 1397 hominnm¹
934 1328 1145 1400 insanorum
1168 1329 1323 1421 moveri,

208 1455 271 1546 qni
301 1451 520 1524 Christianis
560 1449 609 1520 1⁰.
643 1453 807 1542 epulas
837 1449 1062 1523 humanae
1093 1451 1265 1521 carnis·
1286 1456 1324 1522 et

209 1578 257 1661 2⁶,
283 1576 585 1669 promiscuos
622 1577 906 1646 concubitus
943 1575 1170 1666 affingebant
1209 1581 1319 1663 atque

209 1701 260 1775 3⁰.
294 1722 422 1773 eorum
456 1700 722 1770 doctrinam
759 1719 868 1770 esse
900 1707 1140 1769 recentem
1174 1700 1322 1769 dictita-

210 1829 316 1921 bant,
349 1825 559 1896 uberiorem
594 1824 665 1893 sibi
699 1825 981 1913 disputationem
1013 1825 1059 1893 de
1087 1823 1322 1896 Christiano-

211 1973 293 2022 rum
320 1949 527 2020 innocentia
556 1954 593 2018 et
622 1949 838 2038 antiquitate
861 1949 1131 2038 suscipiendam
1154 1970 1236 2019 esse
1262 1950 1323 2021 in-

212 2075 351 2147 dicavit
376 2077 427 2164 (c.
451 2074 508 2163 lt).

314 2199 473 2270 Primum
507 2197 619 2288 igitur
653 2198 881 2268 demonstrat
912 2198 1118 2270 istorum
1153 2200 1321 2268 crimi-

211 2345 315 2396 num
345 2321 566 2414 gravissima
604 2322 640 2390 in
676 2322 1015 2410 scriptoribus
1052 2323 1323 2414 gentilibus

211 2449 365 2540 indicia3
402 2448 539 2516 nnllam
573 2465 727 2537 prorsus
761 2446 798 2514 in
833 2445 1128 2517 Christianis
1163 2447 1323 2518 haerere

212 2574 466 2666 suspicionem.
1019 2555 1020 2558 '

310 2695 453 2766 Etenim
478 2695 643 2764 nonnulli
670 2694 898 2787 philosophi,
924 2702 964 2765 nt
990 2695 1091 2766 Zeno
1120 2696 1321 2768 Cleanthes

209 2820 411 2911 Diogenes,
437 2822 570 2888 docent
596 2818 772 2888 humanas
798 2839 929 2888 carnes
955 2840 1092 2890 vorare
1119 2826 1156 2890 et
1178 2842 1222 2890 nc
1250 2842 1322 2911 pa-

209 2941 376 3012 rentibus
417 2943 560 3030 quidem
599 2961 755 3031 parcere
789 2941 841 3032 (c.
873 2942 930 3032 5).
993 2942 1126 3014 Omnes
1159 2945 1239 3017 fere
1273 2948 1321 3017 de

209 3066 360 3148 incestis
396 3066 647 3136 concubitibus
681 3066 918 3135 conveniunt:
964 3067 1070 3139 Plato
1112 3090 1319 3141 communes

208 3211 345 3261 uxores
374 3211 457 3260 esse
486 3191 707 3280 praescribit
736 3197 773 3260 et
806 3189 985 3280 Epicurus
1018 3195 1320 3265 consuetudinem

209 3316 328 3406 stupri
346 3336 427 3386 cnm
449 3298 626 3386 matribus
649 3336 692 3385 ac
714 3318 904 3385 sororibus
928 3319 1166 3387 commendat.
1206 3318 1319 3389 lmmo

208 3438 302 3511 haec
325 3440 485 3511 nefanda
512 3441 653 3530 flagitia
679 3460 752 3509 non
777 3442 945 3510 dubitant
969 3442 1006 3510 in
1031 3443 1120 3512 deos
1146 3444 1319 3514 conferre

209 3563 262 3652 (c.
286 3565 347 3653 6).
397 3564 513 3658 Nam,
548 3586 656 3655 quum
690 3564 780 3635 nihil
812 3565 955 3635 omnino
990 3574 1202 3644 constanter
1230 3589 1319 3639 sen·

207 3686 319 3778 tiant,
357 3707 423 3759 eos
454 3690 582 3760 dicunt
617 3696 681 3760 aut
719 3710 765 3758 ex
804 3692 936 3759 atomis
968 3697 1138 3761 constare
1175 3698 1240 3762 aut
1258 3756 1261 3763 ,
1278 3694 1318 3765 in

206 3817 350 3882 atomos
381 3812 485 3882 abire
518 3818 582 3883 aut
615 3814 828 3884 materiales
862 3835 945 3885 esse
977 3821 1041 3886 ant
1077 3818 1214 3887 nullam
1243 3817 1319 3887 ho-

205 3936 341 4008 minum
362 3955 486 4008 curam
509 3955 659 4029 gorero;
686 3938 842 4011 animam
862 3940 1105 4012 immortalem
1126 3963 1235 4030 quum
1256 3944 1318 4013 di-

205 4061 352 4156 xerint,
366 4061 404 4131 in
428 4058 501 4131 alia
528 4059 711 4133 hominum
737 4065 798 4133 vel
827 4065 1035 4136 belluarum
1061 4086 1219 4157 corpora
1245 4068 1318 4138 mi·-
