2836 4852
441 257 501 351 nn
522 286 924 352 senoniensium
1196 283 1240 352 ro

127 460 259 539 parent:
294 460 383 522 onius
415 461 590 538 sapientiae
622 461 775 522 beneflcio
804 460 903 521 leonti
932 461 1004 519 sunt
1029 459 1063 519 et
1085 459 1124 520 de
1147 476 1239 522 crea-

127 571 213 630 tione
235 567 338 630 mundi
362 570 395 628 et
417 570 553 630 caeteris
575 571 672 631 rebus
698 571 850 632 omnibus.
894 569 1008 628 Pestes
1031 570 1166 630 enimet
1187 571 1239 633 ta-

128 696 194 740 mes
221 681 254 737 ot
282 679 369 738 heila
390 681 627 757 praedixerunt.
672 679 780 755 Neque
801 697 881 740 unns
906 681 959 738 aut
981 678 1065 738 aiier
1087 682 1143 740 sed
1165 681 1239 758 plu·

127 805 182 849 res
212 789 309 848 variis
337 790 586 867 opportunisque
616 790 812 866 temporibus
844 789 934 849 inere
961 790 1042 864 apud
1065 788 1240 868 Hebraeos,

127 900 185 960 sed
214 902 247 958 et
279 901 362 977 apud
388 898 527 959 Graecos
550 898 690 976 Sibylla:
722 902 817 975 atque
849 915 956 957 omnes
979 897 1076 957 amisa
1100 898 1182 958 inter
1204 915 1240 958 se

128 1009 162 1068 ei
184 1025 322 1068 consona
351 1009 480 1088 dixere,
511 1012 575 1069 tum
606 1025 687 1084 quae
717 1010 789 1067 ante
822 1024 878 1067 eos
907 1010 999 1084 gesta
1028 1006 1154 1066 inerant
1176 1010 1240 1069 tum

128 1134 209 1193 quae
238 1119 318 1194 ipsis
348 1120 439 1178 erant
462 1118 607 1194 aequalia
634 1121 699 1178 tum
720 1134 801 1193 quae
826 1119 910 1194 apud
938 1133 995 1176 nos
1023 1115 1118 1175 hodie
1141 1117 1240 1193 perii·

128 1226 267 1286 oiuntur:
290 1228 373 1287 unde
396 1229 489 1287 etiam
510 1229 550 1287 de
573 1227 688 1287 futuris
711 1230 801 1287 nerto
823 1226 937 1286 scimus
960 1243 998 1284 ea
1020 1226 1065 1285 ita
1088 1229 1241 1288 eventura

128 1351 211 1414 esse,
234 1338 489 1412 quemadmodum
511 1340 543 1396 et
565 1338 666 1414 prima
688 1338 728 1395 ad
752 1337 869 1395 exitum
891 1335 1045 1411 perducta
1065 1337 1147 1396 sunt.

217 1448 268 1504 10.
292 1446 338 1505 Ao
355 1447 488 1521 primunr
508 1447 632 1520 quidem
648 1440 771 1504 summo
784 1460 940 1503 consensu
960 1443 1133 1502 docuerunt
1150 1444 1241 1505 deum

128 1569 171 1614 ex
205 1553 303 1614 nihilo
337 1553 437 1614 omnia
468 1571 608 1613 oreasse.
662 1553 750 1612 Nihil
782 1553 862 1611 enim
894 1552 954 1611 deo
984 1566 1150 1627 ooaevum3
1183 1553 1242 1614 sod

130 1673 223 1738 quum
247 1663 308 1723 sibi
331 1663 401 1739 ipse
423 1664 513 1722 loeus
536 1663 578 1720 sit
600 1677 702 1736 neque
722 1660 788 1720 uila
810 1677 847 1720 re
868 1662 962 1738 egeat
978 1677 1014 1720 ao
1029 1661 1165 1721 saeouiis
1181 1679 1241 1723 au·

130 1773 247 1847 tiquior
277 1773 335 1848 sit,
369 1770 524 1830 hominem
553 1771 660 1830 iaoere
693 1770 794 1829 voluit
825 1772 876 1830 oui
902 1771 1132 1829 innotesceret:
1168 1771 1241 1832 huio

132 1881 277 1955 [homini]
310 1882 454 1941 mundum
484 1881 698 1957 praeparavit.
743 1881 818 1939 Nam
843 1880 896 1955 qui
917 1881 1044 1938 oreatus
1065 1883 1113 1940 est
1136 1880 1241 1941 multis

131 1991 227 2050 rebus
250 1991 375 2068 indigus
398 1992 465 2066 est,
498 1991 656 2049 inoreatus
687 1992 790 2051 autem
817 1989 904 2050 nulla
927 2005 963 2048 re
986 1991 1070 2064 eget.
1114 1987 1241 2051 Habens

131 2098 228 2175 igitur
251 2100 328 2160 deus
351 2117 439 2159 suum
463 2099 561 2176 ipsius
583 2099 680 2177 logon
702 2101 734 2159 in
756 2099 896 2178 propriis
918 2098 1093 2159 visceribus
1115 2098 1241 2159 insitum

131 2345 242 2421 patescit
267 2365 367 2420 quoque
386 2366 419 2404 ex
438 2351 625 2405 Commentario
643 2353 670 2404 in
706 2353 799 2422 quippe
823 2352 865 2422 qui
890 2351 959 2407 iiiam
979 2352 1034 2406 eius
1052 2353 1176 2420 originem
1194 2364 1241 2405 ae-

130 2441 212 2505 quait.
233 2453 340 2504 evangg.
359 2454 452 2489 nornen
472 2436 604 2503 Theophiii
622 2453 670 2490 no·
705 2440 809 2507 rotroni,
828 2443 955 2505 tamquam
973 2439 1112 2491 inauditum
1128 2437 1242 2489 ioedum·

130 2522 179 2574 etri
207 2535 268 2588 prae
295 2538 323 2575 se
350 2523 449 2574 ferente
476 2522 519 2575 iib.
544 2523 587 2574 IV.
614 2523 670 2574 inii.
706 2538 754 2590 que
777 2525 826 2576 iuti
852 2524 993 2575 offensioni.
1037 2521 1191 2574 Roeesierus
1214 2520 1242 2572 in

131 2604 227 2672 (11.2).
256 2608 313 2659 Pari
329 2607 402 2658 modo
419 2606 590 2660 Tertullianus
606 2607 669 2660 hdr.
704 2609 787 2660 iocum
806 2609 941 2659 verborum
961 2603 1048 2673 perui
1073 2607 1137 2672 τῆς
1162 2602 1242 2658 ἑαυ-

132 2691 211 2744 Prax.
229 2707 267 2744 eo.
284 2691 300 2743 7
318 2696 345 2744 et
362 2691 395 2744 11
419 2694 494 2744 verba
513 2693 561 2744 istu
581 2693 670 2758 „Eru-
705 2694 771 2746 τοῦ
795 2691 932 2760 σοφίας
957 2689 1086 2759 extempio
1110 2690 1244 2742 substituit

131 2777 211 2828 stavit
243 2790 287 2828 cor
313 2792 397 2828 meum
429 2791 572 2829 sermonem
604 2778 671 2844 opti·
705 2774 833 2831 τουτέστι
851 2774 904 2844 τήν
922 2773 1025 2829 ἑαυτοῦ
1045 2774 1160 2840 σοφίαν.
1189 2775 1243 2826 ianr

132 2860 229 2913 murn“·
246 2860 272 2912 in
297 2861 336 2913 dei
361 2876 471 2932 persona
496 2861 543 2914 dici
562 2862 593 2914 de
611 2863 669 2928 iogo
704 2863 791 2916 Feilus
815 2864 998 2930 interpretatos
1020 2866 1060 2913 esi
1083 2861 1135 2912 sica
1163 2875 1242 2927 „eru-

131 2961 165 3000 ex
182 2951 255 3014 patre
274 2947 372 3014 prolato
392 2949 499 3000 censuit.
527 2948 600 3000 Adde
619 2949 670 3014 Gy·
705 2952 775 3002 stans
793 2948 863 3000 iilum
882 2947 939 3000 sua
958 2945 1134 3014 sapientia
1167 2946 1243 3012 Zieg-

131 3031 249 3098 prianum
264 3033 421 3084 Testimonn.
437 3032 492 3086 adv.
508 3032 560 3085 iud.
576 3033 620 3085 lib.
635 3033 670 3085 ii.
703 3033 774 3085 ierus
793 3032 899 3102 (Theoi.
920 3033 1060 3084 Adhondil.
1080 3031 1109 3084 T.
1131 3030 1152 3094 ί,
1171 3029 1243 3083 Gott.

131 3131 155 3168 o.
173 3115 205 3179 3,
224 3116 396 3169 Alexandrum
415 3117 491 3169 Alex.
511 3133 549 3186 ap.
569 3118 670 3172 Socrui.
705 3117 789 3182 1791,
809 3133 833 3186 p.
852 3116 932 3184 110):
959 3117 1072 3184 ,‚Beide‚
1091 3111 1173 3181 λόγος
1190 3114 1243 3167 uad

131 3199 201 3255 nist.
221 3201 283 3254 eool.
302 3203 321 3254 1.
341 3218 364 3254 o.
383 3203 414 3265 6,
442 3202 608 3256 Athanasium
631 3205 670 3256 lio
705 3201 810 3269 σοφία,
837 3200 927 3254 daohte
950 3202 1005 3253 sich
1025 3200 1179 3270 Theophilus
1197 3214 1243 3253 ur-

131 3285 244 3338 derretis
262 3287 360 3338 nicaen.
380 3288 408 3340 T.
420 3288 438 3338 Ι.
452 3287 541 3356 p.227
561 3290 594 3340 al.
619 3290 669 3341 To·
704 3289 851 3358 sprungiieh
878 3289 915 3340 ais
938 3289 1030 3340 Kriiie
1058 3287 1121 3340 oder
1145 3287 1243 3355 Eiren-

130 3373 184 3423 tum
203 3371 326 3442 psalmum
347 3373 390 3437 „in
410 3373 539 3426 Christum
558 3373 670 3425 dieium“
705 3375 819 3426 scheiten
834 3372 935 3435 Getice,
955 3371 1006 3423 und
1019 3372 1059 3424 die
1073 3373 1163 3440 σοφία
1180 3373 1243 3425 oder

132 3455 256 3527 (εἴρηται
276 3455 316 3518 είς
334 3453 385 3509 τόν
402 3455 536 3524 Χριστόν)
558 3459 670 3511 lustinus
704 3457 754 3510 den
779 3459 888 3524 heiiigen
909 3456 983 3508 Geist
1009 3457 1045 3508 aie
1069 3457 1113 3509 dus
1133 3449 1243 3510 Vririeu·

131 3541 198 3593 Diui.
218 3558 239 3594 o.
260 3542 303 3594 Tr.
324 3559 344 3595 o.
365 3543 399 3594 38
416 3545 544 3611 proponit.
576 3543 671 3596 lrnme-
704 3545 765 3610 ium,
783 3543 904 3596 woduroh
923 3541 969 3593 der
986 3542 1072 3608 Lepos
1090 3544 1160 3594 seins
1177 3543 1243 3594 Per*

130 3625 183 3677 rito
201 3627 280 3693 igiinr
304 3627 408 3679 verbum
434 3624 669 3694 ἒξερσαξᾶμε-
705 3628 860 3684 siniiohkeii
885 3626 1003 3678 erhieit.“
1044 3628 1145 3680 Baurus
1171 3627 1243 3696 (mr

132 3727 193 3771 νος
221 3711 397 3781 (eructando)
424 3728 437 3763 a
464 3713 604 3783 Theophiio
629 3715 670 3766 hio
705 3715 806 3768 christi.
820 3712 905 3764 Lehre
920 3727 974 3762 ooo
987 3712 1034 3762 der
1047 3711 1243 3778 Draieinipheit

130 3799 296 3861 usurpatum,
323 3797 349 3847 h.
368 3812 391 3847 o.
409 3795 560 3863 προφέρων
587 3815 608 3851 o.
626 3798 670 3867 22,
704 3801 734 3852 P·
754 3799 782 3862 1,
802 3797 866 3849 Tuo.
886 3795 967 3860 1841,
987 3810 1012 3863 p.
1027 3795 1094 3864 166)
1118 3797 1241 3849 reddidita

131 3881 218 3934 moitis
252 3882 379 3947 theologis
410 3887 439 3934 ut
471 3883 568 3935 Meiere
601 3882 670 3951 (Dte
704 3883 808 3952 „indam
840 3896 870 3934 er
899 3883 942 3932 ihn
976 3883 1020 3934 mii
1047 3883 1124 3935 mulie
1155 3881 1242 3933 seiuet

130 3964 219 4018 Lehre
241 3981 268 4020 u.
287 3968 313 4019 d.
335 3965 455 4018 Trinitdt
476 3968 505 4019 P.
525 3967 553 4032 1,
579 3969 669 4021 Humi).
705 3968 829 4022 Waisheit
846 3967 952 4020 verder
967 3963 1180 4035 Weitsehipiung
1194 3978 1241 4017 aus

130 4047 208 4115 1844,
226 4065 252 4118 p.
272 4049 321 4113 64,
339 4049 397 4103 οοίί.
433 4051 594 4105 Tzsohirner.
613 4053 670 4107 Der
704 4056 759 4109 siah
784 4052 984 4106 heroussiiess.“
1029 4048 1065 4105 Ei
1091 4049 1243 4120 Girseierus

130 4134 193 4188 rao
210 4137 236 4188 d.
254 4135 398 4190 Heidenih.
426 4137 456 4189 Ρ.
476 4138 498 4189 1.
522 4152 547 4206 p.
567 4137 618 4192 216
643 4145 670 4194 et
704 4141 774 4208 (1ο.
793 4153 817 4208 p.
831 4137 912 4204 tati:
931 4138 998 4204 „iiiii
1012 4137 1242 4193 derimmnuenien

130 4217 231 4274 Daniel.
261 4220 361 4275 retiae
388 4223 415 4279 d.
440 4221 520 4293 Apol.
545 4236 570 4292 p.
594 4222 669 4294 iss),
702 4223 828 4280 Weisireit
857 4227 948 4291 mugio
976 4219 1042 4277 (iuti
1071 4219 1121 4275 dee
1145 4220 1240 4290 Leges,
