2836 4852
150 246 217 316 2⁹⁴
462 245 683 314 moelem
701 244 956 311 Anrlocml

154 418 250 497 emm,
279 418 394 479 ventu
416 416 585 478 diabolum.
630 418 749 486 omits
776 416 889 493 vigilis
915 415 1084 492 evaugefls
1111 417 1276 496 designm,

155 524 440 606 omniveniens
461 526 494 584 iu
515 525 577 584 flue
598 527 701 586 seculi
729 524 821 585 nobis
851 524 968 585 detulit
987 522 1145 586 Christus.
1191 528 1275 590 Tur-

154 637 263 696 batam
282 637 388 696 eutem
400 635 540 710 Petrum,
563 633 634 693 visi
655 636 844 712 tempestate
865 633 1044 694 diobolicae
1061 651 1172 713 auree,
1194 655 1275 714 pss-

155 743 275 804 sionem
300 744 417 805 iudicet
438 741 557 802 Christi
578 759 647 801 cum
670 759 752 818 pene
775 743 930 802 subverse
951 746 1003 802 est
1022 744 1104 803 tides
1124 749 1274 823 negantis

154 852 305 930 apostoli.
340 847 439 912 ¹¹⁷lit
458 851 612 930 rogabant
631 870 697 911 acm
718 857 754 910 ut
774 849 825 909 cel
842 851 996 929 fimbrium
1016 854 1189 915 uestimentis·
1209 859 1274 918 eise

156 966 326 1039 tangerent.
375 959 603 1019 vestimentum
636 959 809 1020 salvatoris
842 959 897 1018 lex
925 965 977 1019 est
1007 961 1116 1022 (livius
1143 964 1178 1022 in
1209 983 1273 1041 qua

154 1071 227 1129 sunt
255 1068 349 1144 plcre
378 1069 542 1144 memma,
568 1070 651 1128 sicut
679 1069 711 1126 in
740 1068 929 1127 vestimento
957 1070 1075 1129 multee
1104 1076 1182 1131 eunt
1200 1073 1272 1154 liuu-

155 1177 259 1235 briae:
283 1192 413 1251 quorum
435 1194 526 1236 uuam
550 1177 579 1235 si
601 1178 671 1252 quis
692 1177 872 1253 contigerit,
895 1178 929 1236 iil
950 1181 1000 1237 est
1021 1179 1062 1238 (le
1085 1181 1196 1242 multis
1218 1185 1272 1243 vel

155 1300 248 1347 uuum
269 1285 474 1361 praeceptum
495 1285 668 1346 salvatoris
691 1284 830 1362 faciens,
860 1287 1032 1348 remedium
1051 1289 1195 1368 percipit
1215 1309 1271 1352 ss·

154 1393 270 1456 lutere.
1143 1451 1147 1455 .

242 1495 287 1536 ¹¹⁸
297 1501 383 1562 Ecce
409 1500 517 1562 muster
538 1500 704 1564 &nemaeo
732 1500 773 1561 de
792 1500 905 1580 finitor
926 1500 989 1562 illis
1011 1505 1139 1566 veniens.
1185 1505 1271 1569 llaec

155 1609 268 1673 mulier
288 1610 418 1686 gentilis
440 1611 552 1688 populi
577 1609 713 1670 habebut
740 1610 890 1688 figurem,
919 1612 974 1685 qui
1001 1613 1137 1689 rogabat
1168 1617 1272 1676 dorri-

155 1733 227 1781 num
242 1720 278 1780 et
293 1721 498 1797 congregatio
518 1720 587 1778 eius
609 1719 652 1777 ab
676 1718 839 1778 erroribus
860 1716 1063 1780 idololatriae
1083 1725 1269 1786 mutaretur.

156 1826 201 1888 et
222 1825 312 1889 Iesus
334 1827 571 1902 dissimulabat,
601 1832 635 1886 ut
656 1827 736 1886 fides
758 1827 898 1887 mulieris
921 1829 1063 1888 omuibus
1083 1830 1181 1890 lieret
1201 1849 1270 1893 use·

154 1935 282 1996 niieste.
326 1933 528 2016 ricapecora
550 1933 714 1994 disemum:
742 1934 828 2006 Quia
844 1935 958 1997 clermont
970 1944 1046 2016 post
1066 1940 1147 1999 nos?
1167 1942 1270 2018 signi·
1291 2011 1293 2015 ¹

154 2043 286 2104 licentes
313 2045 388 2119 post
416 2044 682 2102 resurrectionem
712 2043 830 2103 domiui
850 2046 999 2120 gentilem
1021 2048 1175 2132 populum
1196 2067 1270 2111 ore-

155 2151 303 2212 diturum.
349 2149 525 2230 Respondit
555 2149 636 2210 Iesos
661 2168 723 2209 non
751 2170 783 2211 se
813 2152 933 2212 mierum
960 2173 1023 2214 esee
1049 2155 1110 2215 nisi
1130 2157 1178 2216 od
1201 2179 1269 2220 coes

152 2259 297 2338 perditos
319 2257 427 2320 domur
449 2255 564 2319 Israel:
587 2259 620 2317 id
641 2259 692 2317 est
712 2259 751 2317 ed
769 2260 918 2336 populum
933 2261 1120 2324 ludaeorum
1136 2267 1269 2327 salven-

155 2367 246 2445 tlom,
267 2369 296 2428 si
317 2372 419 2428 temen
442 2368 575 2428 eredere
598 2367 784 2427 voluissent.
827 2366 901 2428 Non
923 2367 1015 2445 lieet,
1036 2372 1155 2449 iuquit,
1181 2377 1269 2436 acci-

151 2495 228 2555 pere
245 2495 358 2555 ponem
378 2475 512 2556 fillonem
533 2483 564 2535 et
585 2477 706 2535 mittere
726 2476 860 2536 cunibus.
900 2478 1016 2539 Panem
1037 2495 1156 2556 corpus
1179 2500 1269 2544 sumu

154 2586 253 2663 dixit,
282 2602 377 2647 canes
406 2587 509 2647 sutem
540 2585 677 2661 gentiles
699 2584 841 2649 homiues
871 2587 961 2646 velut
988 2584 1135 2664 indignos
1163 2574 1269 2667 gratia

154 2694 271 2754 divina.
315 2692 358 2756 At
378 2692 436 2754 illo
457 2691 644 2772 respondem
666 2692 732 2752 cil.-
772 2691 883 2774 Utique
905 2693 1045 2754 domines
1073 2697 1181 2758 idest
1207 2717 1270 2760 ve-

94 2796 95 2799 ’
153 2818 222 2860 rum
244 2801 332 2862 diois.
377 2802 443 2862 Sed
470 2808 501 2861 et
524 2799 623 2863 eatuli
650 2799 745 2861 edunt
767 2800 914 2862 domicio
935 2822 1054 2864 mensae
1075 2804 1270 2873 dominorum

152 2928 281 2970 suorum
315 2909 379 2969 Per
398 2911 521 2971 catulos
543 2909 683 2977 ostendit
703 2926 810 2969 omues
825 2913 937 2987 gentes
952 2915 1103 2973 ventures
1118 2915 1160 2974 cd
1175 2916 1269 2977 iidem

153 3018 205 3079 (lei
224 3020 258 3079 et
275 3035 386 3080 esures
408 3036 450 3079 ex
471 3020 571 3095 micis,
593 3019 624 3077 id
645 3019 696 3078 est
717 3034 759 3079 ex
779 3019 1006 3096 prophetarum
1028 3023 1269 3097 apostolorum·

153 3143 214 3203 que
236 3129 405 3205 doctrinis,
436 3145 514 3205 quas
537 3128 577 3187 de
601 3143 708 3186 mensa
731 3126 846 3187 cadere
876 3130 925 3187 est
955 3129 996 3187 de
1017 3134 1269 3208 congregatione

152 3235 263 3311 pepuli
292 3236 408 3296 iudaici
441 3235 585 3312 seperari
618 3236 658 3294 sd
692 3237 958 3296 resurrectionem
988 3239 1099 3313 generi
1131 3239 1268 3303 humano

150 3342 380 3419 praebendam
402 3360 508 3403 meuse
529 3343 608 3402 enim
630 3341 833 3420 congregatio
847 3345 958 3420 populi
978 3348 1028 3404 est
1047 3340 1267 3425 intelligendu.

238 3444 283 3484 ¹¹⁹
304 3451 390 3514 Vade
417 3451 461 3512 od
487 3471 570 3512 more
596 3458 626 3511 et
653 3452 741 3512 mitte
768 3451 904 3525 hamum,
933 3459 964 3512 ei
988 3472 1054 3514 enm
1070 3456 1189 3534 piscem
1214 3460 1268 3539 qui

147 3560 266 3640 primos
287 3561 461 3623 escenderit
482 3558 565 3622 tolle.
609 3559 675 3620 lloo
697 3561 816 3620 tributo
842 3561 951 3637 passio
974 3563 1089 3622 domini
1111 3564 1267 3642 designa-

149 3671 215 3746 tur,
246 3672 319 3745 quia
342 3672 435 3734 homo
465 3669 701 3731 abstrahendus
719 3671 789 3728 erat
810 3685 829 3727 e
852 3670 978 3746 seculo,
1008 3671 1128 3732 hebens
1152 3674 1183 3733 iu
1208 3691 1266 3740 ore

149 3794 207 3839 suo
228 3780 394 3839 staterem:
417 3782 449 3839 id
471 3782 520 3839 est
539 3777 729 3852 didrachma,
752 3778 888 3852 quatuor
903 3778 1065 3839 continens
1086 3781 1266 3861 drachmas,

149 3888 261 3966 quibus
283 3887 490 3965 intelligenda
512 3890 584 3948 sunt
606 3887 741 3962 quatuor
762 3887 945 3963 evangelis:
969 3905 1099 3962 quorum
1120 3892 1264 3966 proditio

198 4061 258 4116 117.
278 4062 315 4113 lli
331 4060 393 4129 etc]
413 4060 493 4112 licre.
512 4057 538 4126 6,
556 4059 598 4112 56.
808 4058 867 4114 119.
905 4058 977 4112 Velle
1002 4057 1065 4125 eto]
1098 4061 1192 4114 Mutth.
1221 4061 1264 4128 17,

198 4145 258 4201 118.
271 4143 411 4214 Eteocle]
423 4144 513 4198 Metili
524 4141 687 4210 mae-27.
756 4140 799 4195 26.
