2836 4852
369 249 426 314 Al)
448 247 693 312 AUTOLYGUM
715 247 792 310 LlB.
813 245 866 308 111.
1100 241 1175 309 -211

58 421 196 500 Oportet
215 419 313 496 igitur
334 420 499 481 attendere
522 422 554 479 et
575 417 777 480 considerare
799 419 873 494 quid
891 416 1014 478 dicatur
1033 431 1102 476 eum
1121 418 1173 492 qui
1271 411 1274 415 ’

57 531 173 591 iudicio
206 529 358 607 expendit
388 545 468 604 quae
490 546 508 587 a
531 525 728 606 philosophis
760 531 793 587 et
822 528 991 604 praeterea
1019 543 1038 585 a
1068 527 1173 603 poetis

59 639 145 699 diota
167 639 248 697 sunt.

143 743 177 808 8.
198 745 279 805 Nam
302 747 354 822 qui
375 749 493 824 negant
515 747 592 806 deos
615 763 687 807 esse
710 762 821 808 rursus
845 743 1050 821 confitentur,
1073 746 1105 804 et
1128 745 1172 803 il-

56 852 143 916 licita
172 854 314 914 facinora
344 855 384 914 ab
414 854 464 913 his
493 857 615 932 patrari
644 856 801 916 dixerunt.
851 853 900 912 Ae
931 851 1031 931 Iouis¹
1047 853 1172 928 quidem

56 961 208 1040 imprimis
232 980 343 1040 magna
371 964 491 1041 flagitia
518 967 635 1040 poetae
657 963 793 1042 pleniori
817 977 873 1021 ore
897 963 1019 1021 canunt.
1065 960 1171 1039 Chry·

57 1074 169 1150 sippus
189 1076 303 1149 autem,
325 1073 378 1147 qui
398 1074 494 1132 multa
516 1079 651 1151 nugatus
672 1075 732 1151 est,
755 1087 857 1133 annon
878 1071 1056 1148 significare
1079 1071 1171 1131 inve-

57 1181 141 1241 nitur
160 1181 307 1241 Iunonem
329 1197 385 1240 ore
407 1182 528 1258 impuro
552 1200 620 1243 eum
638 1182 715 1260 Iove
738 1197 810 1241 esse
833 1175 1061 1255 congressam?
1089 1179 1170 1250 Quid

59 1291 140 1349 enim
162 1292 271 1349 matris
301 1291 387 1350 itlius
410 1308 490 1366 quae
521 1293 635 1362 dicitur
662 1293 809 1364 deorum,
842 1290 897 1348 aut
925 1287 1011 1348 lovis
1032 1287 1171 1349 Latiaris

57 1400 240 1475 sanguinem
270 1400 433 1459 humanum
460 1401 612 1475 sitientis,
643 1401 698 1458 aut
720 1397 838 1457 Attidis
867 1397 999 1455 castrati
1020 1396 1171 1476 lascivias

56 1523 256 1585 recenseam,
286 1509 340 1566 aut
360 1507 467 1566 lovem
491 1509 578 1565 illum
601 1506 782 1585 cognomine
806 1505 1019 1580 Tragoedum,
1043 1504 1113 1580 qui,
1136 1505 1171 1586 ut

56 1618 162 1690 aiunt,
193 1631 280 1673 suam
303 1632 424 1675 manum
449 1615 621 1674 combussit
643 1631 679 1673 ac
701 1629 782 1673 nunc
804 1613 882 1672 deus
904 1613 988 1689 apud
1012 1613 1169 1673 Romanos

56 1725 200 1787 colitur‘t
233 1724 335 1782 Taceo
368 1723 484 1798 tempta
507 1721 647 1797 Antinoi
666 1723 697 1780 et
720 1725 917 1782 caeterorum
947 1738 1025 1796 quos
1055 1722 1170 1781 vocant

56 1834 196 1894 deorum.
240 1832 345 1894 Risum
369 1832 466 1908 enim,
497 1832 567 1890 dum
591 1833 774 1907 narrantur,
807 1831 947 1891 cordatis
970 1830 1047 1890 viris
1071 1846 1170 1891 excu-

57 2043 265 2081 mcrecmsuam.
286 2028 320 2080 m
335 2028 401 2080 Feli.
416 2027 595 2088 κατακλείσας
629 2024 683 2081 δύο
702 2021 770 2079 άλλά
797 2024 941 2091 cartapeta
968 2024 1017 2078 καὶ
1034 2020 1166 2092 τέσσαρες

58 2113 164 2179 (vertitz
183 2128 291 2164 macrum
309 2115 471 2180 inprcpcum
486 2116 594 2165 contro·
628 2107 757 2178 paporum
776 2107 826 2163 τόν
840 2105 973 2176 άριθμύν.
1001 2105 1035 2162 Ὁ
1048 2105 1100 2176 μὲν
1114 2104 1169 2178 γάρ

58 2197 142 2267 tear)
173 2212 204 2248 cx
231 2199 391 2250 coniectura:
419 2212 492 2263 quem
519 2197 595 2249 wolf.
629 2194 670 2257 εἷς
691 2192 947 2262 cortemmiaco
966 2188 1166 2264 ὁπρσσιρημύ·

58 2295 160 2350 quoque
178 2283 261 2334 textui
278 2282 403 2347 inseruit,
429 2281 490 2333 liect
508 2283 594 2334 verio—
628 2301 678 2343 νος
695 2318 703 2333 .
720 2321 727 2335 .
745 2318 768 2346 .,
794 2274 809 2334 ὁ
837 2277 863 2334 δ’
890 2275 972 2342 ἄλλος
996 2279 1169 2348 τατριάριος

58 2383 111 2419 rem
140 2367 207 2417 sorte
240 2367 392 2432 scripturam
419 2361 594 2426 κατακλύσας
630 2369 700 2436 [tego
718 2361 930 2434 Λατιάρισς]
949 2365 1098 2432 γενόμενος
1117 2366 1176 2442 [te-¹

57 2457 262 2504 censeretesse.
302 2451 443 2516 „Fortasse
462 2451 527 2503 enim
547 2466 594 2502 no·
629 2445 1170 2519 ςολεγάμενος]...,άλλσςδὲ
1247 2492 1253 2500 ,

57 2539 114 2588 ster
131 2535 226 2587 indicat
242 2535 327 2586 Iovem
342 2550 440 2586 manum
455 2534 519 2602 aqud
532 2549 594 2604 pre·
631 2530 646 2589 ὁ
666 2532 876 2604 Τραγῳόός,
897 2529 912 2587 ὁ
932 2533 993 2588 καὶ
1012 2531 1076 2600 τήν
1095 2538 1169 2600 γεῖ-

57 2621 184 2686 luentcm‚
215 2635 269 2711 ριγρ
291 2618 323 2671 ad
350 2620 519 2688 perpetranda
548 2620 594 2671 ot·
630 2639 673 2685 ρα
700 2615 813 2672 αύτού
838 2616 985 2680 καύσας.
1030 2615 1111 2684 Τάχα
1137 2616 1169 2672 dt

58 2721 152 2760 scoene
179 2710 205 2757 et
228 2694 305 2775 impie
330 2705 422 2757 abusus
449 2709 512 2757 erat.
557 2705 595 2755 tta
628 2702 698 2765 dade
716 2697 757 2757 ύν
774 2699 928 2757 ἐπελάθετο
952 2696 996 2755 ότι
1017 2697 1114 2756 δάκνει
1132 2701 1166 2756 τό

58 2791 126 2844 onim
141 2789 239 2842 terebat
250 2804 306 2842 mos
321 2790 506 2859 impurorum.“
528 2787 594 2841 Hui!
629 2792 703 2856 κύρ,
722 2787 771 2843 καλ
793 2783 844 2842 ούκ
863 2785 917 2856 εἶχε
937 2787 990 2857 τήν
1008 2786 1169 2856 πρόγνωσιν

57 2875 154 2929 Omnes
179 2874 290 2927 editores
316 2877 341 2924 et
366 2874 523 2941 interpretes
548 2889 594 2926 ne·
630 2876 683 2928 τού
709 2871 837 2941 λέγοντος
853 2867 952 2946 τράγῳ
978 2873 1017 2942 τῷ
1036 2862 1168 2946 Σατύρῳ,

59 2974 109 3027 quo
127 2957 247 3011 viderunt
265 2957 434 3025 corruptelam
457 2974 538 3026 neque
556 2960 595 3010 io·
630 2957 743 3026 εύρόντι
754 2956 894 3026 πρότερον
906 2957 938 3012 τύ
952 2959 1009 3025 arip
1021 2958 1070 3012 καλ
1082 2974 1169 3024 προσ-

59 3059 116 3098 oum
135 3044 328 3095 intellexerunt.
365 3043 431 3108 Quid
449 3045 544 3110 igitur?
573 3045 594 3098 E
631 3043 745 3100 ελθόντι
762 3044 895 3110 φιλῆσαι·
915 3037 1052 3114 Μήάψῃ,
1070 3041 1167 3111 τράγε·

58 3129 151 3181 vitiosa
168 3130 297 3196 scripture
317 3127 392 3180 lectio
413 3130 521 3194 genuina
541 3130 595 3195 pel·
632 3125 780 3198 ἁψάμενος
804 3123 857 3195 γάρ
881 3145 937 3192 μου
962 3123 1109 3196 ἐμπρήσεις
1133 3123 1170 3182 τά

57 3213 136 3265 lucet.
168 3212 318 3264 Certissima
336 3213 521 3280 emendatione,
540 3229 596 3265 mu·
629 3215 784 3284 piceam-
821 3212 891 3266 Editi
917 3229 987 3281 φασι
1014 3229 1060 3282 pro
1081 3230 1169 3281 φασιν

59 3298 155 3351 tatione
179 3311 261 3366 paene
286 3297 370 3362 nulla,
395 3298 494 3350 scilicet
517 3314 549 3350 cx
574 3302 596 3350 Δ
631 3301 730 3371 (Van).

59 3381 174 3437 efficiens
191 3384 214 3433 Α
232 3381 277 3448 (ct.
297 3381 341 3435 lib.
356 3382 402 3432 111.
422 3397 442 3435 e.
454 3383 496 3434 23.
515 3399 541 3434 n.
556 3382 596 3450 6),
699 3386 725 3439 8.
758 3380 914 3452 Ἀντινόου]
950 3384 989 3436 Ci.
1024 3387 1110 3435 notate
1139 3384 1170 3437 ed

57 3481 106 3536 pro
122 3467 189 3531 vulg.
202 3459 379 3525 κατακλύσας
392 3467 499 3518 restitue
512 3468 595 3519 Theo·
630 3471 789 3535 Athenagor.
817 3468 907 3535 Suppt.
935 3483 962 3534 p.
987 3467 1048 3520 Chr.
1076 3483 1099 3521 e.
1124 3468 1168 3523 3⁰.

58 3551 129 3620 philo
159 3546 423 3615 κατακαύσας,
460 3554 486 3601 et
513 3552 596 3603 omnia
631 3550 1169 3622 n.1o(corp.Ap011.v01.vn)prta.

58 3650 121 3690 sana
147 3639 224 3689 crunt
246 3639 272 3686 et
296 3635 441 3704 perspicua.
484 3634 596 3702 Egregie
630 3637 671 3690 Ex
695 3637 779 3689 numia
806 3635 884 3687 multa
910 3633 941 3684 de
966 3634 1038 3685 cultu
1062 3635 1171 3689 Antinoi
1229 3674 1232 3679 >

59 3718 192 3774 confirmet
229 3719 430 3770 emendationem
464 3721 595 3788 ipsamque
631 3719 717 3775 attulit
735 3719 782 3772 Ec.
801 3717 988 3786 spanhemius:
1014 3717 1053 3769 De
1078 3734 1126 3772 usu
1145 3725 1172 3774 et

58 3820 115 3859 rem
141 3804 251 3871 explicat
275 3803 549 3870 Epiphaniusdncor.
575 3821 597 3858 c.
631 3804 786 3876 praestantia
805 3802 982 3854 numismatum
1001 3817 1028 3870 p..
1048 3801 1099 3857 652
1113 3819 1171 3872 sqq.

59 3890 111 3945 106
138 3890 219 3960 (Opp.
247 3889 287 3941 cd.
314 3888 402 3939 Peter.
429 3889 500 3940 Tem.
518 3888 552 3940 11.
573 3905 597 3956 p.
633 3891 663 3942 tn
683 3903 770 3940 eorum
788 3886 916 3938 nonnullis
933 3883 1003 3950 θεός
1019 3889 1162 3956 appellatur

60 3975 128 4043 1083
147 3972 364 4028 od.G.Dindort.
381 3971 598 4041 reciptes),
703 3972 728 4025 9.
754 3969 945 4041 καταγέλωτα]
972 3973 1036 4026 Ven.
1055 3980 1082 4028 et
1100 3973 1173 4026 editi,

60 4063 119 4130 quir
146 4061 233 4129 Ζῆνις
259 4056 307 4126 δέ,
329 4058 428 4127 inquit,
453 4056 504 4125 oriz
522 4051 598 4128 εῑςῆ
633 4058 708 4113 Bodt.
726 4064 753 4112 et
772 4059 830 4112 Par.
849 4053 923 4111 κατά
940 4056 1053 4126 γέλωτα.

896 4157 962 4216 rt*
