2836 4852
367 876 584 947 ranorum!
606 878 662 938 AD
686 875 940 937 AUTOLYCUM.

550 1045 763 1057 ——-——

505 1165 616 1226 LIBER
648 1165 799 1226 PRIMUS.

101 1330 129 1386 1.
154 1275 299 1404 Lepida
321 1331 444 1404 quidem
468 1332 574 1408 lingua
599 1336 631 1392 ct
654 1334 749 1392 dictio
773 1333 904 1404 elegans
924 1346 1000 1389 sane
1017 1331 1208 1390 delectatio·

96 1453 169 1495 nom
189 1436 323 1495 afferunt
346 1440 378 1496 ct
400 1440 524 1498 laudem
547 1442 587 1499 aci
602 1442 723 1499 inanem
743 1440 875 1514 gloriam
892 1439 1016 1497 miseris
1036 1436 1209 1498 bominibus

97 1545 151 1619 qui
177 1547 308 1603 montom
331 1549 444 1621 gerunt
468 1550 663 1624 corruptam;
694 1548 838 1606 veritatis
859 1550 963 1607 autom
985 1549 1109 1606 amator
1137 1547 1208 1606 ani-

100 1669 180 1711 mum
203 1668 265 1711 non
288 1655 427 1713 advertit
452 1657 648 1717 sermonibus
671 1655 794 1731 fucatis,
817 1657 873 1741 sed
895 1657 1023 1730 inquirit
1041 1672 1121 1731 opus
1137 1671 1210 1714 scr·

101 1762 184 1820 moni
201 1763 378 1823 adiunctum
395 1765 548 1838 quodnam
569 1769 600 1824 et
616 1765 709 1840 qualo
728 1766 776 1824 sit.
808 1765 957 1832 Quoniam
973 1766 1079 1841 igitur,
1101 1764 1208 1840 amice,

100 1993 259 2062 μεμίομμαι
287 1996 352 2064 apud
378 1998 517 2063 scriptores
545 1999 636 2049 aetatis
671 2004 697 2050 et
722 2000 858 2067 pigmentis
886 1999 1041 2052 coloratos.“
1082 1998 1119 2049 De
1147 2012 1208 2050 sen-

99 2080 229 2132 inierioris
257 2081 322 2132 baud
350 2082 468 2134 inusitato
500 2087 554 2134 esi:
589 2085 636 2134 cir.
669 2085 766 2147 tentia,
799 2084 958 2136 Christianos
985 2099 1036 2135 non
1066 2083 1123 2135 doci
1150 2097 1207 2134 ser-

101 2164 149 2216 liio
169 2165 239 2217 Cass.
258 2180 282 2232 p.
297 2166 356 2232 655,
376 2167 465 2220 0racc.
485 2168 576 2232 Sibyll.
593 2168 636 2219 lv.
669 2181 743 2218 mone
762 2168 845 2219 fucato
864 2168 910 2219 sed
927 2169 1057 2234 respicere
1076 2165 1108 2220 eci
1128 2164 1209 2234 ἔργον

99 2247 142 2302 29.
167 2266 192 2317 p.
211 2249 263 2303 166
288 2252 328 2303 ed.
349 2252 441 2315 Alex„
468 2252 527 2318 Sap.
548 2252 574 2316 7,
593 2252 635 2305 25.
671 2251 828 2318 ruilione,
845 2254 1133 2319 opossermoois,b.e.
1147 2267 1209 2319 qua-

100 2334 163 2387 Tob.
182 2334 213 2400 2,
232 2335 257 2387 9.
285 2337 335 2388 Tit.
355 2336 387 2400 1,
407 2336 439 2388 15
468 2336 635 2402 (Lachmann.
669 2337 701 2388 iis
719 2339 769 2388 vita
789 2339 822 2390 sit
845 2340 934 2388 ornate
953 2336 1107 2402 dicentium,
1134 2335 1209 2388 adeas

100 2423 126 2470 ct
154 2419 288 2471 Tiscbend.
320 2417 551 2486 μεμιαμμένοις»
584 2421 636 2472 Lo·
672 2435 735 2487 puae
748 2419 777 2471 ad
791 2421 971 2483 Athenagorae
984 2419 1097 2484 supplic.
1111 2434 1137 2486 p.
1148 2420 1208 2471 Chr.

98 2503 170 2557 beck.
197 2503 227 2555 ad
250 2505 346 2570 Pbryn.
374 2519 399 2571 p.
419 2505 466 2570 35,
494 2505 541 2557 Pb.
560 2505 637 2555 Bntt-
671 2490 694 2556 ο.
712 2503 753 2555 11.
772 2518 797 2554 n.
814 2502 846 2554 19
866 2503 947 2554 attuli.

100 2603 185 2641 mann.
201 2588 277 2656 Aust.
291 2590 391 2656 priecb.
404 2589 526 2655 Sprocbt.
543 2587 594 2652 (ed.
607 2588 637 2654 2)
730 2587 756 2640 5.
776 2581 901 2652 Ἐπειδὴ]
920 2586 1035 2652 Uterque
1051 2583 1106 2640 cod.
1121 2587 1208 2649 metus,

99 2672 128 2723 Τ.
144 2672 165 2723 i.
181 2688 206 2739 p.
218 2671 280 2736 443,
300 2673 636 2725 [cinnomannorum.
672 2671 753 2724 Geso.
772 2672 836 2723 Duc.
855 2671 922 2722 Mor.
936 2671 1000 2723 Mar.
1019 2670 1143 2736 Hurnpbr.
1174 2669 1210 2722 At

99 2758 124 2808 ct.
143 2761 256 2810 oeotcsi.
275 2757 339 2824 Spr.
358 2755 439 2825 pao.
459 2785 493 2794 -
511 2757 637 2809 AitWoi-
671 2757 737 2810 Feli.
756 2771 818 2808 voro
843 2761 869 2808 et
888 2754 963 2809 Wolf.
983 2750 1107 2807 ἐπειδᾶν.
1144 2754 1209 2807 Goo-

98 2840 151 2894 fins
168 2842 232 2893 banc
256 2857 343 2894 rocem
368 2842 421 2893 viro
447 2841 536 2904 docto,
562 2856 636 2908 quem
672 2848 754 2895 terum
773 2855 824 2892 non
843 2841 956 2906 „cstbic
973 2839 1096 2906 quoddam
1113 2841 1208 2892 oratio-

99 2940 153 2976 non
189 2927 315 3002 nominat,
354 2927 507 2992 superfluam
544 2926 635 2978 videri.
670 2928 711 2978 nis
744 2921 963 2979 ἀνακόλουθον(
1000 2923 1121 2989 (witi),
1162 2922 1208 2975 sed

100 3008 196 3062 Contra
224 3011 362 3063 Marinus:
392 3010 568 3077 ,‚quuidenr‚“
595 3012 636 3062 in·
671 3012 789 3078 spodosis
807 3012 896 3077 incipit
914 3009 997 3062 verbis
1017 3004 1068 3076 ἐγώ
1082 3008 1133 3075 μὲν
1152 3007 1208 3072 (ro-

100 3096 163 3163 qnit,
181 3097 349 3163 „assentirem
368 3097 390 3147 si
408 3111 457 3148 vox
474 3096 515 3148 iiia
533 3095 563 3148 dc
579 3111 635 3148 sor·
671 3094 781 3164 spondet
797 3097 862 3146 inira
881 3095 953 3146 initio
973 3093 1026 3146 οἳ
1045 3089 1130 3159 citici)
1156 3083 1208 3145 οὖν

100 3181 217 3232 monibus
235 3181 368 3232 manifesti
384 3180 495 3247 nequitia
511 3181 636 3248 corruptis
671 3181 717 3246 (ci.
737 3181 827 3232 lustin.
846 3179 912 3231 Diri.
929 3194 951 3231 c.
967 3179 1011 3229 Tr.
1025 3194 1046 3229 c.
1062 3178 1104 3231 88.
1125 3193 1149 3229 n.
1166 3176 1207 3229 19.

99 3263 265 3330 intelligenda
290 3269 367 3316 essct.
403 3265 452 3316 Hic
478 3266 544 3316 enim
572 3267 636 3316 iacta
672 3265 774 3316 Coniut.
804 3263 886 3329 dogm.
919 3263 999 3314 Arist.
1028 3279 1050 3314 c.
1075 3263 1098 3313 1.
1126 3278 1152 3313 n.
1177 3262 1208 3326 7)

100 3351 242 3414 generatim
280 3353 442 3417 opponuntur
478 3349 636 3401 sermonibus
672 3345 805 3414 ὁμολογῶ.
839 3350 900 3399 Mox
918 3362 964 3414 pro
982 3341 1155 3412 κατέπληξὰς
1173 3362 1207 3411 με

100 3435 176 3484 etiam
195 3433 295 3485 dosoris
323 3439 349 3485 et
375 3434 534 3498 inspeciem
559 3447 636 3500 prae·
671 3434 775 3501 (Boii,
816 3433 879 3484 Duc.
919 3431 985 3483 Feli.
1022 3432 1098 3483 Woii.
1140 3431 1206 3482 Mar.

100 3517 190 3580 cieris,
222 3517 315 3568 nedum
344 3521 433 3584 aperte
460 3518 583 3585 improbis
611 3521 637 3568 et
671 3518 810 3586 Hurnpbr.)
843 3518 952 3568 offerunt
979 3516 1099 3568 mendose
1126 3516 1206 3568 Gesn.

99 3602 237 3668 nequitiam
263 3616 325 3668 prae
351 3602 547 3654 referentibus.
584 3601 637 3654 Nec
670 3600 848 3668 κατέπληθάς
865 3619 916 3668 μεν
935 3602 998 3670 (sic)
1026 3607 1053 3653 et
1071 3602 1137 3654 itlor.
1155 3620 1206 3654 no·

99 3687 214 3754 proiecto
241 3687 357 3739 veritatis
383 3687 521 3739 cultoribus
547 3702 636 3751 magna
670 3683 813 3754 τὲπληθάς
831 3705 873 3754 με.
901 3668 1154 3756 tenacissimi&
1161 3704 1205 3752 με,

47 3818 50 3823 .
99 3772 155 3825 iaus
184 3776 254 3824 esset
285 3786 335 3824 non
367 3770 448 3839 decipi
478 3771 636 3822 sermonibus
671 3773 715 3826 sed
734 3789 810 3841 supra
830 3793 851 3826 ω
878 3776 1010 3826 corrector
1035 3792 1069 3834 ας
1094 3772 1205 3839 scripsit,

10 3962 68 4117 tc

71 3896 76 3901 .
99 3858 199 3925 aporia.
217 3857 332 3910 nefariis.
376 3856 428 3909 Sed
455 3871 509 3908 cum
534 3856 636 3922 μιαίοω
671 3864 700 3910 ut
725 3856 898 3926 κατέπληξας
926 3858 1033 3924 legator.
1078 3855 1152 3908 Boii.
1179 3854 1206 3904 in

99 3926 261 4012 idoni'aacpe
281 3942 361 3995 valcat
380 3956 408 3993 ac
426 3943 501 4008 tiopo
521 3941 638 4008 [Anthoi.
671 3959 751 4010 marg.
777 3942 964 4011 κατέπλησος,
991 3946 1017 3994 ot
1034 3943 1098 3993 banc
1115 3938 1206 3990 lectio·

99 4025 217 4093 mini.
232 4029 265 4080 ΙΙ.
284 4044 310 4096 p.
327 4026 377 4080 153
396 4024 436 4079 cd.
452 4023 572 4091 iacobs.],
591 4020 637 4077 to'·
672 4043 729 4080 nem
749 4027 854 4081 Wcifius
872 4028 998 4099 praeis-rt:
1023 4024 1049 4076 id
1074 4021 1139 4089 quod
1157 4021 1206 4072 im-

100 4128 168 4177 pono
182 4128 245 4180 pesp.
264 4114 424 4180 interprotor
436 4126 568 4163 sermones
580 4112 637 4163 inco
671 4112 760 4178 probo.
796 4113 887 4165 Graeci
912 4112 979 4163 enim
1004 4109 1077 4178 prius
1101 4106 1205 4159 verbum

953 4207 997 4264 1³1⁸

1123 4546 1144 4579 ,γ
1172 4536 1182 4547 ““

1120 4568 1250 4729 *ο
