2836 4852
283 262 665 330 condemnatorum
684 263 727 328 IN
748 260 988 330 nvnnuiitin
1009 267 1086 334 LIB.
1108 271 1133 334 1.
1199 266 1262 338 201

153 437 294 516 eu‘e'agri
308 437 430 498 iruotus
452 439 617 516 ecelesiae,
638 453 717 514 quos
738 439 942 498 discutientes
956 441 1096 516 apostoli
1112 445 1263 522 operibus

152 550 219 610 suis
250 548 471 626 pascebantur.
515 545 732 608 confricantes
763 549 866 608 autem
897 549 1038 609 manibus
1068 553 1133 613 suis
1156 555 1269 632 spie'as·

153 658 319 736 apostolos
342 657 546 715 manducasse
575 657 616 716 ob
645 657 706 717 hoe
735 657 779 715 ait
801 657 999 732 evangelista
1028 660 1063 718 nt
1089 661 1201 737 paleas
1229 666 1263 722 et

153 768 280 843 aristas,
302 767 334 825 id
357 768 407 825 est
428 768 570 844 peecata,
593 782 612 824 a
634 766 835 826 credentibus
855 766 1044 841 baptismate
1066 773 1261 845 separarent.

154 876 229 935 liies
250 891 327 934 vero
350 874 476 933 sabbati
492 875 659 934 adventum
682 875 798 934 indicat
816 873 1005 935 salvatoris:
1028 877 1165 953 quinque
1180 879 1261 938 enim
1282 947 1284 952 ,

131 985 227 1065 ,iibri
249 984 347 1042 Musis
370 985 596 1059 quinque-dies
619 985 854 1062 computantur,
878 986 911 1043 et
931 986 1062 1045 omnium
1084 987 1262 1064 propheta-

153 1111 220 1154 rum
243 1095 326 1152 diota
347 1087 428 1150 liber
451 1110 539 1169 unus,
562 1097 734 1168 sextusque
757 1094 825 1152 dies
847 1094 971 1170 aecipit,
991 1095 1074 1154 unde
1096 1095 1267 1155 sabbatum

154 1203 288 1279 septimo
308 1202 436 1277 ponitur
458 1202 538 1262 ioco.
574 1197 729 1264 ⁹⁹1noenit
751 1201 1000 1284 lesasdominem
1020 1202 1175 1263 debentem
1196 1223 1263 1264 ma-

153 1331 222 1371 num
244 1309 383 1378 aridum,
414 1311 446 1369 id
469 1314 519 1370 est
536 1311 776 1388 infructuosam,
804 1312 854 1372 eui
878 1311 1009 1370 dicendo
1031 1311 1177 1371 Extende
1199 1332 1263 1372 me·

153 1439 224 1480 nam
248 1428 331 1480 taam
361 1420 517 1494 signifieat
545 1437 614 1480 eum
637 1436 698 1478 non
719 1437 848 1479 avarum
876 1419 994 1478 debere
1017 1434 1089 1479 esse
1114 1422 1171 1480 sed
1193 1422 1263 1482 iar-

154 1546 237 1605 gum.
281 1522 522 1587 1⁰⁰Amndiaom
552 1514 723 1607 p'nossutom
749 1547 811 1586 non
833 1529 1011 1606 eonfrinpet
1038 1535 1068 1589 et
1094 1526 1187 1590 linum
1207 1531 1264 1608 sd*

155 1638 276 1716 mipene
304 1655 366 1695 non
394 1637 565 1715 extinpnet.
610 1638 668 1705 Qui
696 1635 856 1713 peceatori
884 1652 946 1694 non
974 1636 1112 1714 porrigit
1140 1648 1264 1698 manum

153 1762 212 1804 neo
233 1747 341 1822 portat
361 1760 439 1803 onus
455 1745 575 1812 fratris,
598 1746 659 1805 iste
682 1747 861 1821 quassatam
881 1745 1061 1804 arundinem
1083 1744 1266 1823 confringit,

154 1858 187 1913 et
209 1845 263 1929 qui
289 1854 440 1912 modicam
471 1851 638 1914 scintillam
665 1855 738 1914 fidei
767 1854 936 1914 contemnit
963 1854 994 1911 in
1021 1854 1183 1932 parvulis,
1212 1855 1265 1914 hie

154 1963 248 2022 linum
264 1962 426 2042 ‘extinguit
447 1962 619 2040 fumigare,
650 1980 785 2039 quorum*
803 1964 967 2037 utrumque
987 1976 1049 2022 non
1072 1963 1149 2023 ieeit
1171 1961 1264 2025 cint-

155 2074 239 2145 stus3
263 2072 302 2130 ad
323 2071 385 2129 hoo
406 2069 486 2132 enim
511 2067 554 2108 ¹⁰¹
568 2073 718 2149 „venerat
738 2074 772 2131 ut
792 2072 913 2130 salvum
936 2070 1059 2130 iaceret
1079 2074 1164 2147 quod
1185 2063 1264 2148 per-

155 2180 265 2239 ierat.“
313 2173 357 2214 ¹⁰²
370 2177 532 2249 Quomodo
557 2188 663 2260 potest
693 2181 808 2240 intrare
831 2182 898 2260 qais
920 2181 953 2239 in
975 2179 1096 2241 domum
1119 2182 1214 2259 fortis
1234 2187 1266 2242 et

155 2307 227 2348 noro
251 2289 313 2348 eins
336 2287 473 2367 diripere
494 2289 555 2348 nisi
581 2289 670 2365 prius
690 2286 867 2366 uilipuuerit
884 2290 1022 2366 fortem?
1064 2287 1170 2348 Fortis
1192 2290 1264 2347 erat

154 2397 330 2474 praeterito
353 2397 495 2471 tempore
515 2396 652 2468 satanas,
675 2395 727 2469 qui
750 2410 839 2453 omne
860 2410 959 2470 genus
979 2376 1135 2455 hominum
1156 2398 1188 2455 in
1201 2388 1267 2456 hoe

155 2506 268 2564 mundo
290 2505 379 2564 velut
409 2520 485 2561 vasa
514 2503 644 2578 propria
671 2502 873 2578 possidebat,
903 2504 961 2562 sed
988 2504 1117 2562 veniens
1147 2503 1264 2562 fortior

155 2629 194 2672 eo
217 2615 300 2673 iilius
329 2612 380 2671 dei
410 2612 494 2671 vieto
522 2611 579 2669 iilo
608 2611 756 2686 passione
786 2628 842 2669 sua
872 2610 956 2669 eruit
983 2626 1041 2669 nos
1064 2600 1267 2687 epotestate

154 2722 255 2797 ipsius
278 2723 311 2780 et
332 2721 408 2780 feeit
429 2736 487 2778 nos
508 2735 586 2778 vasa
609 2736 682 2790 sua,
714 2720 792 2778 dans
821 2719 912 2776 nobis
942 2718 1085 2794 spiritum
1114 2721 1262 2778 sanetum.

156 2825 319 2908 ¹⁰³„Huno
339 2830 442 2887 autem
464 2826 615 2886 habemus
637 2826 854 2905 thesaurum,“
886 2828 920 2887 ut
942 2827 985 2886 ait
1007 2828 1189 2904 apostulus,
1212 2828 1263 2904 „in

146 2939 241 2996 *vasis
274 2933 455 2996 fictilibus.“
496 2934 584 3011 Ergo
614 2952 748 3012 corpora
782 2953 859 2995 vasa
891 2937 980 2994 dixit.
1026 2931 1071 2975 ¹⁰⁴
1084 2937 1263 3014 Quicunque

156 3044 274 3104 dixerit
299 3044 416 3104 derbem
439 3053 546 3104 contra
568 3043 833 3123 filiumdominis,
864 3045 1034 3105 remittetur
1056 3046 1101 3112 ei,
1134 3045 1187 3124 qui
1208 3064 1262 3104 oae-

155 3161 215 3214 tem
238 3153 357 3213 dixerit
378 3162 488 3214 eontra
509 3154 650 3232 spiritam
672 3161 825 3222 sonetum,
847 3173 909 3213 non
929 3154 1099 3214 remittetur
1121 3155 1149 3212 ei
1167 3170 1264 3233 nepae

154 3264 187 3321 in
208 3262 271 3323 doe
294 3260 397 3323 aeonio
417 3280 513 3343 nepae
534 3263 566 3321 in
586 3266 704 3341 faiano.
748 3264 913 3324 Sciendum
942 3267 992 3324 est
1024 3259 1148 3339 ¹⁰⁶quia
1178 3263 1262 3323 filius

222 3478 266 3534 99.
300 3479 406 3531 Iaioenii
432 3476 495 3545 eie]
530 3479 621 3533 Metti.
649 3480 690 3545 12,
794 3480 852 3533 101.
888 3483 1043 3548 Quicunque
1073 3480 1134 3546 eie]
1169 3479 1261 3531 Maiiin.

155 3563 257 3616 1013.
725 3564 766 3629 12,
786 3563 828 3616 32.

224 3647 284 3702 100.
312 3648 477 3699 denudarem
503 3645 565 3713 ete]
599 3647 690 3701 dietih.
796 3647 855 3699 105.
875 3647 946 3714 quia]
967 3664 999 3693 =
1018 3637 1194 3713 (1000(οτι)
1214 3659 1261 3713 pre

156 3733 198 3797 12,
215 3732 258 3785 20.
725 3745 777 3785 ecc.
794 3730 876 3781 uini.
905 3731 943 3782 ci.
962 3730 1006 3783 111).
1022 3730 1056 3780 11.
1073 3745 1097 3781 ιι.
1111 3728 1153 3781 21.
1172 3729 1260 3781 11.-ιι.

224 3816 283 3869 101.
301 3818 405 3867 venerat
461 3813 586 3881 perierat]
600 3815 689 3866 Mutii.
724 3815 750 3866 t.
778 3816 846 3867 intra
865 3815 905 3879 (n.
919 3813 966 3866 161
976 3815 1029 3881 sq.)
1048 3814 1207 3879 „Sciendum
1221 3817 1262 3865 esi

155 3900 258 3968 18,11.
725 3898 822 3967 quod.“
860 3900 905 3951 Sie
923 3900 978 3950 seio
996 3916 1053 3951 eum
1071 3901 1134 3966 prtia
1152 3898 1262 3951 struitur

154 4027 158 4037 ,
223 3983 282 4037 102.
292 3984 492 4051 Qsaomodoeic]
502 3980 690 4050 1110101229.
725 3983 873 4051 saepissime
885 3985 911 4035 in
924 3985 992 4048 vulg.
1004 3983 1080 4046 Bibi,
1099 3998 1124 4033 r·
1136 3998 1157 4033 e.
1170 3981 1260 4032 Mettis.

224 4069 284 4124 103.
304 4065 707 4136 iiuno...iioti1ibns]2cor.v
726 4069 753 4132 0,
769 4067 812 4121 32.
830 4065 856 4130 t,
874 4061 899 4120 0.
918 4068 959 4134 10,
978 4067 1019 4121 12.
1036 4067 1080 4133 20,
1098 4065 1141 4118 20.
1159 4061 1260 4129 22,10.

154 4156 181 4219 t,
200 4155 226 4208 7.
410 4173 418 4182 ··
725 4153 769 4220 25,
787 4149 830 4204 20.
854 4150 897 4219 26,
914 4151 939 4203 2.
977 4151 1015 4203 ci.
1035 4164 1116 4203 meam
1132 4146 1198 4202 eiii.
1215 4146 1261 4200 Iu·

985 4248 1049 4304 19*
