2836 4852
461 235 519 301 Ab
541 235 789 313 AUTOLYCUM
809 240 964 307 ussus
1214 242 1278 312 199

159 407 285 485 quidem
307 423 327 469 a
348 407 490 487 propriis
512 409 587 470 liliis
612 412 787 488 coquantur
809 414 843 474 ot
863 411 1032 492 vorentur,
1053 413 1082 474 si
1103 429 1181 476 vero
1202 416 1275 491 quis

157 519 239 578 nolit
261 519 316 578 aut
339 517 508 578 membrum
531 518 661 594 aliquod
683 520 803 581 infandi
824 522 910 583 illius
932 523 995 584 cibi
1016 498 1179 600 proiiciat,
1201 498 1282 600 ipso

157 627 214 687 ille
237 627 418 687 comedatur
445 628 498 702 qni
520 644 581 687 non
607 629 769 688 comedltl
811 629 944 708 Insuper
968 649 1032 693 vox
1053 634 1153 710 magis
1175 632 1272 710 impia

157 735 422 812 deprehenditur,
451 753 562 813 nempe
583 737 753 814 Diogenis,
775 739 918 800 docentis
941 744 975 801 ut
996 758 1072 802 suos
1095 740 1189 801 liberi
1208 758 1270 819 pa·

157 846 265 903 rentes
286 843 318 901 iu
340 844 485 904 victimae
515 846 587 905 loco
610 847 770 914 immolent
790 851 824 907 et
843 851 1016 910 comedant.
1062 851 1143 919 Quid
1166 850 1269 929 perol

157 951 269 1013 Annon
285 953 378 1012 etiam
396 953 576 1014 Herodotus
595 953 762 1015 historiens
781 955 942 1017 fabulatur
959 957 1153 1036 cambysem,
1177 975 1269 1033 quum

155 1059 296 1139 Harpagi
323 1062 407 1121 lilios
435 1064 619 1141 occidisset,
650 1065 757 1134 coctos
785 1065 870 1140 patri
897 1067 1022 1142 sputum
1052 1068 1267 1145 apposuisset
1314 1045 1318 1048 ’

155 1170 328 1230 Praeterea
360 1171 453 1232 etiam
481 1173 564 1247 apud
595 1172 885 1242 Indosiahulatur
918 1179 1040 1236 comedi
1067 1179 1217 1253 parentes
1247 1192 1267 1235 a

154 1279 294 1356 propriis
323 1280 443 1339 liberis.
489 1281 711 1342 Odootriuam
733 1283 858 1358 impiam
887 1283 961 1345 talia
988 1286 1190 1345 scribentium
1213 1282 1267 1344 vel
1339 1294 1342 1299 ’

153 1389 259 1465 potius
283 1389 475 1466 docentium,
499 1406 518 1449 o
536 1391 728 1465 impietatem
752 1392 784 1449 et
801 1391 985 1451 atheismum
1001 1409 1119 1469 eorum,
1141 1408 1267 1451 omen-

153 1499 217 1556 tem
238 1499 301 1555 tam
324 1501 471 1556 accurate
497 1496 785 1573 philosophantium
814 1516 851 1558 ao
872 1500 1106 1577 philosophiam
1129 1515 1207 1577 prae
1229 1516 1266 1561 se

153 1604 338 1665 ferentium!
372 1605 449 1665 Nam
472 1607 525 1681 qni
546 1605 626 1665 haec
648 1607 785 1666 docuere
806 1610 950 1672 mundum
972 1609 1134 1686 impietate
1155 1608 1266 1687 reple·

152 1715 278 1774 verunt.

151 1805 154 1812 ⁴
240 1823 269 1882 6.
299 1821 376 1882 Nam
407 1825 500 1883 etiam
530 1825 568 1883 de
597 1824 710 1883 illicito
745 1823 885 1885 facinore
917 1843 1019 1903 paene
1044 1828 1127 1887 inter
1157 1841 1264 1886 omnes

155 2015 247 2072 ἐθῶν·
271 2015 319 2071 καὶ
345 2019 384 2088 τῷ
411 2014 490 2087 ὀρθῷ
509 2014 580 2089 λόγῳ
598 2013 692 2069 πάντα
797 2017 837 2069 10.
856 2015 1058 2088 παροὲἸνὸοῒι]
1076 2019 1265 2085 Dehlassago·

155 2101 185 2158 ἐν
202 2104 274 2156 πᾶσι
291 2102 339 2156 καὶ
358 2099 407 2156 διαὶ
425 2099 539 2156 πάντων
559 2097 632 2156 εἶναι
648 2100 690 2155 is'·
727 2103 759 2154 tis
777 2102 803 2154 id
821 2111 909 2156 narrat
925 2105 1022 2156 Herod.
1041 2106 1061 2156 Ι.
1082 2121 1103 2157 c.
1121 2102 1173 2156 216
1192 2099 1219 2154 et
1232 2103 1265 2155 ds

153 2209 223 2258 γον·
250 2189 298 2243 καὶ
325 2189 378 2256 peip
403 2187 432 2242 ἐν
457 2190 495 2259 τῷ
514 2183 589 2258 ἄρτῳ
608 2185 691 2254 κρέας
727 2187 831 2239 Padaois
850 2189 897 2239 lll.
916 2205 938 2243 o.
959 2188 1003 2242 99.
1045 2189 1162 2242 Alterum
1181 2189 1264 2240 locum

154 2271 289 2329 εἶναικαὶ
306 2272 334 2328 ἐν
350 2271 511 2344 τῴλαχάνῳ
525 2268 622 2338 ἄρτον,
642 2270 695 2324 καὶ,
725 2272 804 2324 hahes
827 2288 865 2338 ap.
886 2273 958 2338 Orig.
980 2290 1002 2324 e.
1023 2276 1093 2327 Cels.
1113 2275 1141 2326 V.
1160 2289 1184 2338 p.
1203 2272 1264 2325 254.

153 2355 366 2427 τῶνσωμοὶτων
384 2360 440 2410 τῶν
454 2359 559 2410 λοιπῶν
576 2355 604 2410 ἐν
620 2358 690 2409 πᾶσι
725 2357 765 2410 ed.
791 2358 885 2424 Spenc.
910 2387 943 2396 -
986 2360 1037 2411 Pro
1062 2360 1264 2413 κατεσθίεσθαι

154 2444 204 2498 dcci
223 2463 306 2496 τινων
326 2438 439 2508 ἀδήλων
458 2439 555 2509 πόρων
578 2443 624 2494 καὶ
645 2436 688 2507 by·
725 2442 801 2506 (Vens.
816 2441 888 2495 Bodl.
903 2442 978 2508 Por.)
997 2444 1086 2509 legunt
1101 2445 1180 2496 Gesn.
1198 2445 1263 2496 Duc.

154 2549 211 2582 ιιονν
228 2526 445 2596 εἰσκρινομένων
463 2529 509 2580 καὶ
525 2528 689 2592 συνατμιζο-
724 2527 791 2576 Mor.
810 2526 874 2576 Mar.
893 2526 1095 2579 κατεσθέσθαι.
1123 2529 1161 2580 cl.
1179 2544 1204 2579 n.
1220 2529 1247 2580 5.

153 2594 261 2681 μένων,
283 2609 321 2674 οἷς
340 2614 427 2680 δῆλον
445 2608 475 2665 ἓν
492 2612 531 2680 τῷ
551 2610 689 2678 Θυέστῃ
795 2611 836 2664 11.
863 2601 913 2678 Ὦ]
948 2611 1026 2664 codd.
1054 2613 1112 2662 msll
1138 2602 1175 2677 oi,
1202 2613 1263 2669 item

153 2703 299 2754 ποιοῖντλ.
326 2698 690 2763 Ci.Nauoh.Tragic.grsec.
726 2694 808 2762 paullo
826 2699 885 2762 post
910 2697 988 2760 (his).
1026 2696 1069 2746 Sic
1088 2695 1163 2746 etium
1182 2694 1264 2746 Geso.

153 2787 269 2852 iragmm.
288 2781 385 2850 poss.
403 2821 416 2833 .
649 2824 651 2828 ,
725 2780 790 2831 Mor.
818 2779 883 2831 Feil.
907 2780 971 2830 Μαι.
992 2780 1118 2846 llnmphr.
1156 2780 1265 2830 Verum·

223 2869 247 2920 7.
267 2868 317 2935 ele]
338 2868 400 2918 Von.
417 2871 442 2917 et
458 2866 515 2918 Por.
543 2865 691 2917 omiserunt
726 2869 808 2915 tamon
827 2854 850 2917 αἶ
868 2865 894 2916 in
913 2864 1017 2916 vocandi
1036 2864 1140 2916 notione
1159 2863 1263 2915 adhihe-

152 2953 228 3009 Bodl.
247 2952 327 3004 Geso.
346 2951 409 3002 huc.
428 2951 495 3002 Mor.
514 2948 579 3002 sou.
599 2948 672 2999 Wolf.
725 2953 775 3000 tur.
819 2946 900 3001 Plura
933 2950 1001 3002 dabit
1033 2949 1081 3001 Ph.
1114 2950 1264 3001 Buttmann.

221 3038 248 3089 8.
262 3037 297 3089 Ti
307 3034 351 3096 θές
368 3033 449 3102 Ου’χὶ]
462 3035 541 3100 Vulgo
550 3033 578 3085 ri
586 3029 611 3084 δ’
620 3027 690 3099 ον’χθ.
728 3035 834 3086 Griech.
857 3035 975 3086 Gromm.
996 3034 1051 3100 (ed.
1070 3033 1116 3097 20)
1136 3052 1159 3101 p.
1181 3031 1241 3085 312.

222 3123 246 3177 9.
273 3119 441 3191 Καμβύσην]
473 3121 622 3172 Manifestus
648 3133 690 3171 cr·
794 3117 836 3169 12.
863 3111 885 3170 ὦ
910 3121 960 3187 τῆς
985 3120 1126 3188 διανοίας]
1155 3119 1264 3171 Frustra

151 3223 206 3261 ror.
231 3210 288 3262 Non
304 3209 369 3260 euim
384 3207 521 3277 Cambyses
536 3204 580 3255 sed
595 3204 690 3270 Astya-
726 3203 835 3255 Grabius
854 3203 988 3269 legendum
1008 3206 1116 3259 coniecit
1135 3197 1157 3258 ni
1172 3197 1263 3272 τῆσδ’

153 3309 199 3359 gos
217 3293 243 3345 id
261 3293 393 3344 commisit.
432 3291 484 3358 [cf.
507 3291 579 3342 voss.
598 3289 628 3340 ad
647 3290 690 3341 lu·
726 3283 834 3348 οἲνοίας.
860 3288 977 3358 Wolfios.

154 3379 214 3431 stin.
233 3378 301 3429 llisl.
322 3377 343 3428 l.
364 3393 385 3427 c.
405 3376 441 3442 5.]
477 3373 530 3426 Sed
550 3374 617 3425 forte
637 3389 691 3425 mo·
795 3373 837 3444 19.
857 3373 1153 3442 Οἱ]9οο.Βοθ1.Ριτ.
1180 3373 1264 3428 Sioel

153 3463 233 3514 moria
254 3462 334 3514 effluit
351 3459 501 3528 Theophilo,
521 3473 567 3508 nec
584 3473 691 3508 necesse
727 3459 790 3510 Μαι.
810 3463 835 3510 et
854 3460 979 3526 llumphr.
1006 3460 1107 3511 Castori
1126 3458 1199 3512 editt.
1219 3452 1264 3524 ori,

153 3548 194 3598 est
212 3547 333 3611 Astyagis
352 3534 443 3595 nomen
465 3536 607 3610 [Ἀστυαγη
626 3541 692 3593 Fell.
728 3544 823 3595 Αιιιιυιι
905 3545 1086 3612 complerunt?
1123 3545 1180 3597 Par.
1199 3539 1264 3597 civi·

154 3633 181 3681 el
199 3630 290 3695 Woli.;
318 3629 433 3696 Xenoph.
454 3629 515 3679 dicit
532 3621 691 3693 Ἀστυάγην]
727 3632 845 3695 cimaco.

152 3713 180 3764 iu
204 3714 259 3779 ipso
286 3717 358 3765 textu
383 3726 518 3777 reponere.
550 3712 692 3763 Marcone.
796 3713 822 3764 1.
843 3706 969 3776 ἀθέσμου
988 3707 1129 3778 πράξεως]
1155 3709 1263 3778 Signifi-

154 3797 184 3848 ln
197 3796 310 3850 eamdem
325 3798 476 3849 senteutiam
490 3797 594 3849 Marano
609 3796 693 3864 praci—
728 3800 769 3848 cat
787 3795 857 3860 (coll.
873 3808 895 3848 o.
909 3796 971 3847 8.n.
985 3795 1014 3863 1)
1032 3796 1189 3862 promiscuos
1201 3811 1265 3848 con·

153 3888 226 3936 uerat
242 3883 426 3948 wesselingiua
440 3884 466 3934 in
482 3881 609 3933 Probabil.
625 3899 651 3950 p.
661 3877 693 3932 99
728 3882 836 3932 cubitus.
862 3881 899 3933 cl.
918 3896 940 3931 c.
952 3881 978 3934 4.
994 3897 1020 3933 n.
1032 3880 1056 3935 4.
1081 3881 1112 3934 lu
1124 3897 1194 3935 voco.
1207 3881 1264 3932 τιᾶ-

153 3982 192 4035 sq.
212 3967 383 4022 Golicodios.
404 3963 693 4019 cellaonicus:
729 3981 773 4017 σιν
800 3971 825 4018 et
850 3962 1071 4037 συμπεφώνηιιιυ
1096 3965 1221 4032 Humphr.
1246 3980 1264 4015 ν

155 4051 248 4105 ubido
268 4067 319 4105 uuo
344 4056 441 4104 mutum
460 4050 650 4117 Harpagitlilio
667 4050 694 4103 id
728 4045 820 4117 ἐφελκ.
839 4047 902 4100 mula
920 4049 1029 4120 delevit;
1053 4053 1114 4104 item
1140 4050 1167 4102 in
1184 4047 1264 4102 altera

154 4137 277 4189 refertur.
305 4135 379 4189 Adde
394 4150 457 4204 quac
471 4150 492 4186 c.
506 4133 548 4188 26.
564 4134 616 4188 md
632 4132 693 4188 dixi.
729 4147 790 4186 uoce
808 4132 874 4186 Foll.
895 4137 922 4185 et
940 4133 1015 4188 Wolf.
