2836 4852
165 274 228 342 em
275 302 279 311 ·
490 275 706 344 ιιιιιοιιιιιι
727 272 976 338 nunnocnnnn
1037 255 1040 262 ’
1134 326 1136 330 .

164 449 297 528 propter
323 449 543 526 integritatem.
586 449 671 510 llaee
700 450 823 528 aceepit
843 448 1043 508 fermentum:
1072 446 1105 506 id
1132 447 1183 506 est
1203 446 1266 506 do-

165 561 294 621 etrinam
311 558 437 619 Christi.
473 560 551 619 Sota
573 561 635 620 tria
658 560 833 638 signideant
852 558 1033 617 trinitatem.
1065 553 1108 614 Et
1128 556 1266 617 abscon-

164 666 211 729 ιιι
235 668 314 736 nnn
336 648 368 728 aa
388 670 511 749 farina.-
540 669 601 731 noo
625 669 812 746 est-populo
834 667 1168 744 madidionnneroso‚
1192 667 1265 742 quia

163 778 370 856 permixtione
389 780 579 839 universitas
602 779 807 856 multiplicata
828 783 878 836 est
899 775 1079 836 christiana.

248 880 278 921 ²²
286 888 389 948 Homo
417 888 542 970 quidam
569 888 674 950 latuit
703 888 779 948 duos
807 885 906 968 filios,
934 891 964 944 et
985 883 1069 944 dixit
1092 883 1142 944 illi
1162 886 1265 946 iunior

163 997 261 1058 Pater
282 997 325 1058 do
346 997 422 1058 mili
438 999 611 1076 portionem
632 999 816 1059 substantioe
836 1015 912 1078 queue
933 1013 980 1055 me
999 995 1164 1074 eontinytt.
1205 994 1264 1055 Hie

162 1108 265 1168 autem
287 1107 386 1167 Adam
408 1110 441 1167 et
462 1107 605 1169 Christus
628 1113 677 1168 est
697 1108 939 1184 intelligendns3
969 1112 1039 1163 nam
1061 1107 1263 1180 perpetrem

161 1217 377 1294 patrimonium
409 1219 550 1295 paradisi
582 1221 738 1296 scriptura
771 1217 943 1306 signifieat,
981 1230 1071 1289 quem
1104 1215 1263 1291 aoeipiens

161 1325 260 1387 Adam
288 1344 347 1406 per
374 1327 614 1390 inobedientiam
644 1329 791 1407 perdidit.
835 1323 921 1387 Adiit
941 1326 974 1384 in
995 1322 1194 1405 lonqinquem
1215 1343 1263 1384 re·

160 1437 299 1516 pionem,
327 1439 359 1498 id
380 1439 480 1499 estin
501 1439 655 1515 sennium,
683 1439 736 1498 ubi
756 1440 854 1517 fomes
875 1442 924 1496 est·
939 1426 1046 1514 fonto,
1076 1435 1174 1493 divini
1198 1435 1262 1495 soi-

160 1544 236 1604 lioet
254 1547 353 1624 verbi,
376 1555 406 1608 et
426 1546 568 1628 cupiebat
588 1569 621 1610 re
639 1549 679 1608 de
696 1547 813 1629 siliquis
832 1547 965 1607 saturari
979 1564 1052 1626 quos
1064 1545 1158 1624 porei
1174 1565 1261 1604 mea·

162 1652 330 1724 decedent,
360 1657 391 1717 id
420 1661 470 1719 est
499 1660 684 1720 secularium
713 1659 792 1718 oibis
821 1658 867 1717 nti
897 1654 1122 1716 delectabatur.
1172 1654 1260 1722 Quod

160 1765 263 1824 autem
292 1769 458 1844 poenitens
492 1768 535 1828 ad
563 1776 685 1848 patrem
717 1787 847 1829 reverens
878 1774 921 1826 eet
952 1765 1106 1842 signifieat
1137 1767 1260 1842 gentes,

160 1890 240 1950 qnae
254 1875 344 1936 Adae
366 1878 494 1955 figuram
514 1875 638 1959 habent,
659 1878 839 1955 cogniturae
854 1877 1028 1936 ereatorem
1045 1891 1142 1934 snum.
1184 1874 1261 1935 Sto-

160 1979 221 2043 lum
248 1986 397 2063 primam,
427 1988 522 2046 vitam
551 1988 674 2048 seilicet
704 2005 793 2063 qnam
824 1987 967 2047 diabolus
995 1984 1173 2060 ademerat,
1200 2001 1257 2060 per

159 2089 312 2153 Christum
334 2099 470 2174 reeepit,
493 2099 525 2156 et
548 2072 687 2158 annulum
709 2099 741 2157 in
763 2117 852 2157 manu
872 2096 1047 2177 eiorfidem
1070 2095 1146 2154 dicit
1168 2110 1256 2169 qnam

158 2200 322 2280 amiserat,
342 2191 408 2281 'per
429 2205 626 2267 calciamenta
645 2223 723 2266 vero
744 2207 879 2286 vestigia
901 2207 1016 2265 mnnita
1030 2180 1257 2282 'intelliguntur

159 2312 270 2387 quibus
293 2314 410 2375 diaboli
432 2333 492 2375 non
514 2318 621 2378 timeat
643 2319 781 2395 lapsum,
810 2319 845 2376 nt
866 2317 910 2375 ait
932 2315 1095 2394 apostolus
1119 2307 1257 2392 ²³„Cal-

157 2422 232 2483 niati
257 2424 356 2501 pedes
385 2426 417 2484 in
444 2429 687 2505 praeparatione
715 2427 871 2505 evangelii
890 2425 1013 2504 panis,“
1044 2441 1103 2502 per
1132 2421 1255 2484 vitalum

157 2533 289 2594 occisum
311 2533 464 2598 Christum
485 2555 545 2615 pro
566 2538 676 2616 Adam,
699 2538 820 2598 seilicet
840 2553 910 2614 prov
922 2537 1077 2614 gentibus,
1101 2535 1257 2619 signifieat

155 2658 291 2719 passum.
336 2647 445 2708 Senior
465 2651 566 2727 freta
586 2647 719 2710 Iudaeus
742 2651 800 2708 est.
845 2646 901 2708 cui
921 2650 1014 2724 pater
1035 2646 1095 2705 ait:
1130 2644 1175 2704 Tu
1193 2663 1255 2704 me·

157 2771 223 2814 eam
243 2775 359 2836 semper
380 2777 419 2827 ee,
442 2765 472 2819 et
492 2760 594 2819 omnio
614 2779 680 2820 mea
695 2768 747 2821 tua
761 2765 847 2819 eante
870 2775 888 2816 a
910 2773 972 2832 qno
995 2756 1034 2816 de
1054 2754 1255 2833 regressione

155 2860 265 2922 fratris
285 2867 452 2955 repellitur
472 2869 601 2928 invidia.

238 2967 380 3036 ²4Homo
403 2977 526 3058 quidum
549 2987 615 3040 erut
635 2979 720 3041 dines
749 2980 801 3062 qni
827 2978 955 3039 habebut
982 2976 1123 3038 villicum.
1167 2975 1256 3036 Hane

146 3086 414 3177 “temperationem
446 3090 587 3149 salvator
617 3090 724 3150 villico
752 3090 908 3163 institiae,
940 3088 1056 3148 idest
1084 3087 1255 3165 episeopis,

153 3193 255 3275 dedit,
284 3199 332 3274 ut,
362 3199 516 3274 quomodo
545 3199 667 3259 domino
697 3216 759 3259 suo.
782 3199 924 3260 fraudem
953 3198 1029 3258 feeit
1058 3199 1093 3257 nt
1119 3197 1255 3255 haberet

152 3305 234 3364 unde
254 3308 367 3382 postea
388 3307 528 3384 viveret,
557 3309 601 3367 ita
623 3309 765 3387 episcopi
784 3326 846 3369 non
869 3309 969 3369 omnia
990 3307 1121 3384 peecata
1141 3305 1255 3365 uleisei

152 3413 304 3490 debeant,
341 3417 397 3476 sed
425 3417 526 3477 loenm
554 3420 765 3496 poenitentiae
793 3434 960 3478 reservare
990 3433 1046 3476 eos
1075 3396 1267 3492 conveniat,

151 3540 218 3586 oum
240 3527 426 3604 praesertim
450 3528 519 3606 ipse
549 3528 688 3589 dominns
717 3530 832 3589 dixerit
859 3523 999 3605 ²⁵„ano
1018 3527 1149 3586 mortem
1172 3541 1253 3603 pee-

151 3637 267 3697 oatoris
289 3639 347 3698 sed
367 3641 402 3699 nt
423 3642 625 3699 eonvertatur
644 3657 663 3699 a
683 3640 734 3699 via
756 3657 812 3699 sna
836 3640 869 3698 et
890 3635 1005 3696 vivat.“
1048 3634 1123 3695 ldeo
1146 3636 1252 3695 antem

149 3746 290 3808 laudavit
311 3748 450 3809 dominus
469 3748 557 3811 lesus
579 3750 792 3810 fraudatorem
814 3749 928 3809 domini
954 3747 1020 3820 sni,
1048 3747 1084 3805 ut
1104 3745 1172 3806 eins
1195 3761 1249 3804 se·

149 3855 279 3935 quentes
301 3861 474 3937 exemplum
496 3877 556 3920 non
579 3860 680 3920 omnia
703 3858 809 3920 debita
832 3859 1002 3935 exigamus.

197 4056 240 4110 22.
257 4054 342 4110 Homo
354 4055 417 4124 ete]
436 4055 498 4109 Luc.
512 4056 555 4123 15,
567 4055 677 4109 11-31.
763 4053 806 4107 24.
823 4054 907 4107 Heme
925 4052 986 4122 ete]
1008 4052 1071 4105 [ιιι.
1090 4049 1136 4115 16,
1155 4048 1245 4102 1-8.

197 4141 239 4194 23.
264 4141 367 4196 ΰιιιίιιι
391 4179 398 4193 .
417 4180 424 4195 .
443 4179 450 4194 .
476 4138 556 4208 pacis]
583 4137 678 4210 Ephes.
714 4125 751 4196 ct.
770 4141 838 4193 inira
855 4155 881 4192 n.
895 4137 937 4192 dt.
1138 4211 1142 4215 ,

148 4226 172 4296 6,
191 4228 233 4284 15.
763 4224 804 4281 23.
822 4223 888 4279 Nolo
937 4220 1016 4290 viret]
1034 4221 1127 4276 Erech.
1142 4220 1186 4289 33,
1202 4219 1245 4276 11.
