2836 4852
422 278 478 340 An
502 278 746 341 senonicum
768 278 844 340 LlB.
866 279 890 341 l.
1168 275 1209 340 45

101 431 139 509 os
160 448 201 508 ad
224 448 411 525 loquendum
447 452 480 509 et
496 449 658 511 ‘formavit
681 467 785 511 aurem
809 450 847 510 ad
872 448 1056 510 audiendum
1080 451 1111 508 et
1134 448 1211 510 iecit

99 559 208 620 oculos
229 559 270 617 ad
293 558 458 618 videndum
479 559 619 619 excutiet
639 560 739 619 omnia
762 561 794 618 et
815 560 928 620 iustum
951 557 1034 618 ieret
1055 555 1209 636 iudicium,

101 683 189 727 suam
210 667 322 743 cuique
340 684 399 744 pro
421 668 541 727 meritis
563 669 737 730 mercedem
757 669 908 739 tribuens.
947 667 989 726 lis
1008 667 1135 743 'quidem
1158 667 1211 744 qui

102 779 283 836 constanter
304 793 363 854 per
386 793 485 854 opera
507 777 601 836 bona'
620 777 885 855 incorruptionem
907 777 1060 853 quaerunt
1082 775 1212 836 donabit

101 885 197 945 vitam
220 886 395 962 aeternam,
423 886 587 964 gaudium,
618 902 744 964 pacem,
774 887 908 962 quietem
930 888 962 944 et
986 882 1210 945 multitudinem

98 995 261 1070 bonorum,
284 1004 365 1070 quae
386 1011 443 1054 uec
465 994 574 1055 oculus
596 995 676 1054 vidit
697 1012 754 1056 nec
776 996 862 1056 auris
884 995 1004 1055 audivit
1027 1010 1085 1054 nec
1104 994 1135 1053 in
1155 1009 1211 1054 cor

99 1099 227 1162 bominis
250 1104 430 1180 adscendit,
455 1106 488 1163 at
508 1103 681 1163 incredulis
703 1105 736 1164 et
758 1104 1003 1165 contemtoribus
1021 1107 1053 1163 ot
1068 1120 1129 1163 non
1150 1104 1210 1163 ob-

100 1213 348 1290 temperantibus
371 1213 509 1290 veritati,
531 1189 717 1291 parentibus
740 1228 819 1273 vero
838 1213 1020 1290 iniustitiae,
1045 1229 1136 1288 quum
1154 1228 1210 1272 re·

98 1321 178 1400 pleti
200 1321 317 1382 suerint
339 1322 505 1382 adulteriis
528 1326 561 1383 et
580 1317 824 1384 scortationibus
847 1325 880 1381 et
898 1338 1068 1399 puerorum
1091 1322 1210 1397 stupris

98 1434 132 1490 et
154 1431 291 1491 avaritia
320 1433 354 1489 et
381 1430 528 1491 nefandis
556 1431 793 1491 simulacrorum
823 1431 979 1506 cultibus,
1008 1430 1070 1489 erit
1101 1430 1148 1488 ira
1176 1430 1211 1488 et

96 1538 293 1616 indignatio,
328 1538 491 1599 tribulatio
521 1541 554 1598 et
583 1539 763 1616 angustiae:
798 1555 835 1598 ac
863 1540 988 1598 tandem
1015 1538 1097 1597 tales
1127 1538 1210 1614 ignis

98 1649 248 1708 aeternus
267 1648 435 1710 detinebit.
482 1646 632 1716 Quoniam
652 1647 806 1724 adiecisti,
829 1648 939 1724 amice,
959 1647 1117 1724 „Ostende
1136 1644 1216 1707 mibi.

100 1755 191 1816 deum
214 1753 338 1816 tuum“:
361 1756 413 1816 bic
435 1758 486 1817 est
508 1756 587 1817 deus
610 1773 707 1833 meus,
730 1759 762 1817 et
784 1759 895 1818 auctor
917 1756 975 1815 tibi
997 1772 1063 1816 sum
1086 1759 1121 1816 ut
1142 1744 1211 1818 eum

99 1864 210 1925 timeas
233 1865 325 1942 eique
347 1867 439 1926 iidem
462 1865 592 1926 babeas.

101 2069 147 2138 zet
225 2063 290 2124 οὔτε
310 2066 504 2138 ἀρσενοκοῖται
572 2065 637 2126 οὔτε
672 2069 732 2135 ξαρ,
749 2069 807 2123 dum
822 2072 900 2124 vertit
912 2085 971 2122 cum
985 2072 1136 2139 imperaris.
1155 2071 1210 2124 ltu-

101 2151 265 2210 κλεοκὲκτακ
281 2160 339 2212 κτλ,
672 2171 748 2210 casus
765 2159 854 2209 censet
872 2155 1026 2209 commodius
1046 2172 1104 2210 esse
1121 2173 1209 2224 προσ·

170 2240 213 2295 15.
239 2240 490 2309 εἰθωλολατρείακρ]
524 2241 588 2295 Vcn.
612 2245 639 2292 et
672 2239 791 2310 ῄτηοας,
813 2241 970 2309 postulasti.
1006 2239 1086 2294 Recte
1105 2239 1211 2294 wolfius

101 2325 190 2394 scit,
214 2326 279 2379 Duc.
304 2327 370 2379 blac.
394 2325 535 2393 llumpbr.;
562 2328 637 2378 coett.
672 2329 746 2392 putet
762 2325 930 2393 l'lrecpbtlum
948 2325 1083 2391 scripsisse
1103 2323 1209 2392 προσέ-

102 2410 174 2465 editt.
195 2409 431 2477 εἰδωλολατρίαις.
672 2412 773 2477 dcccc.
801 2410 878 2464 Plura
896 2411 963 2462 enim
982 2415 1056 2463 erant
1075 2425 1140 2479 quse
1155 2412 1208 2465 Au·

172 2494 213 2548 16.
238 2494 418 2563 στενοχωρία]
446 2495 526 2560 ven-3
545 2507 639 2546 oreso-
674 2494 771 2560 iclycus
790 2493 932 2546 obiiciebat.
958 2493 994 2545 Et
1010 2495 1150 2559 imperandi
1169 2497 1210 2548 vel

100 2580 219 2647 χωρίσαι
243 2580 318 2633 Bodl.
352 2580 388 2633 nt
410 2579 483 2631 editt.
508 2593 639 2645 οτεοοχω-
675 2576 818 2646 postulandi
845 2575 950 2629 verbum
970 2576 1012 2627 bic
1036 2591 1086 2629 non
1110 2576 1210 2629 ridetur

102 2665 173 2734 ρλαι.
675 2663 785 2729 exprimi
802 2662 832 2713 ab
850 2661 899 2714 iste
918 2659 1046 2726 debuisse,
1069 2675 1147 2728 quum
1165 2674 1211 2727 pe-

173 2751 214 2805 17.
233 2747 425 2820 προσέθηκας]
445 2747 524 2802 codd.
538 2748 596 2800 msti
614 2751 642 2799 et
675 2746 778 2799 stulctio
795 2746 851 2815 ipsa
870 2745 957 2812 phrasi
975 2741 1080 2811 Δτῖξόκ
1096 2762 1146 2813 μοι
1162 2740 1212 2799 τόν

104 2836 173 2890 editt.
205 2837 343 2892 clausores
361 2837 415 2890 ruit
431 2835 483 2903 legi
501 2830 640 2901 προοέτα-
675 2826 746 2885 θοόν
763 2845 816 2884 σου
834 2830 1016 2884 contineretur.

544 3139 772 3153 w
