2790 4852
498 257 879 351 rnouuoouuun
1145 299 1243 351 nvn

140 464 307 536 ritatis
343 465 496 536 lucem
524 485 579 538 ex
613 464 952 557 prophetarum
986 464 1129 536 libris
1166 466 1242 536 ei-

140 591 491 670 floreseontem
521 590 673 682 opponit
697 590 748 680 (o.
768 591 824 680 1).

242 715 348 787 Illam
377 711 771 806 superstitionem
797 716 895 804 quod
917 714 1065 810 attinet,
1090 715 1244 806 primum

141 843 338 935 observat,
371 840 673 931 quemadmodum
704 841 875 911 statuarii
907 861 1001 933 opus
1035 862 1139 914 suum
1172 863 1245 914 non

140 968 265 1059 magni
299 966 440 1039 faoiunt
475 969 560 1036 dum
593 967 805 1059 elaborant,
846 972 885 1037 at
916 966 1104 1038 venditum
1134 972 1173 1038 et
1207 967 1246 1039 in

140 1096 280 1184 templo
312 1095 526 1163 oollooatnm
551 1092 725 1185 adorant,
750 1091 802 1161 sio
827 1110 891 1162 eos
920 1091 981 1180 qui
1006 1092 1245 1184 genealogias

141 1219 296 1290 deorum
326 1221 454 1309 legunt
481 1238 554 1288 non
580 1214 730 1287 infitiari
755 1216 920 1289 homines
949 1217 1082 1312 fuisse,
1114 1223 1245 1310 postea

138 1350 264 1415 tamen
294 1349 335 1415 ut
368 1347 459 1416 deos
494 1344 618 1414 oolere
653 1343 704 1434 (o.
730 1342 787 1434 2).
836 1343 976 1414 Deinde
1008 1344 1246 1434 quaeritent

139 1470 194 1540 dii
224 1471 378 1560 gignere
408 1468 599 1560 desierint,
633 1487 700 1537 our
733 1466 911 1560 Olympus
928 1489 1078 1539 :vaoous
1107 1469 1156 1539 sit
1185 1469 1247 1558 qui

141 1595 217 1666 diis
241 1593 404 1664 refertus
439 1611 522 1664 esse
547 1591 720 1686 deberet,
755 1613 820 1662 our
841 1592 944 1667 Idam
965 1593 1130 1684 luppiter
1154 1593 1247 1664 reli-

141 1719 267 1808 querit
291 1721 337 1810 (o.
362 1716 433 1806 tlt
484 1715 577 1786 'lum
601 1718 649 1787 ad
679 1718 818 1809 scripta
843 1719 976 1789 transit
1003 1717 1247 1810 philosopho-

140 1865 223 1915 rum
245 1849 283 1918 et
308 1850 512 1935 poetarum
564 1841 621 1912 Ex
644 1842 876 1933 philosophis
903 1843 967 1913 alii
997 1845 1105 1915 deum
1133 1862 1247 1937 pror·

141 1990 206 2044 sus
236 1973 374 2060 negant
402 1974 465 2038 aut
495 1968 763 2058 providentiam
796 1970 946 2062 tollunt,
981 1969 1045 2043 alii
1076 1971 1247 2044 mundum

141 2095 342 2172 increatum
364 2093 488 2163 dieunt
508 2113 627 2182 neque
649 2093 758 2162 alium
780 2095 889 2164 deum
911 2114 994 2165 esse
1015 2115 1123 2184 quam
1143 2115 1247 2167 suam

145 2199 318 2309 cuiusque
341 2218 618 2311 eonscientiam3
640 2218 721 2310 ipse
746 2218 863 2314 Plato,
887 2219 949 2309 qui
972 2220 1079 2297 deum
1098 2221 1248 2292 increa-

147 2354 225 2419 tum
249 2349 286 2416 ot
309 2345 473 2419 omnium,
488 2352 695 2415 oreatorem
721 2346 847 2437 donet,
878 2346 1070 2417 materiam
1092 2367 1176 2418 oum
1200 2365 1247 2418 eo

142 2471 344 2550 increatam
369 2470 706 2560 coniungetur).
751 2469 932 2541 Homerus
958 2471 1110 2542 deorum
1131 2469 1249 2560 origi-

141 2615 294 2682 nem-ox
317 2615 413 2685 aqua
434 2594 581 2686 repetit.
632 2592 715 2664 Neo
737 2594 863 2664 sanior
887 2600 944 2664 est
968 2595 1149 2664 sententia
1170 2593 1250 2663 fle-

142 2720 242 2794 siodi
275 2721 328 2811 (e.
352 2720 425 2813 l'›);¹
455 2720 647 2791 materiam
680 2718 712 2787 is
739 2719 937 2790 increatam
972 2728 1011 2788 et
1037 2719 1116 2790 siue
1141 2737 1251 2793 orea-

143 2852 227 2918 tore
259 2846 482 2917 oreationem
514 2845 641 2916 statuit
675 2851 713 2916 et
737 2844 860 2936 inepte
892 2845 1054 2934 loquitur
1078 2845 1132 2917 de
1156 2847 1250 2916 deo·

145 2991 228 3041 rum
250 2972 427 3064 prosapia
452 2971 505 3061 (o.
525 2972 583 3062 6).
632 2969 794 3061 Denique
817 2991 935 3062 ungas
960 2971 1105 3062 profert
1129 2971 1250 3048 histo·

146 3096 319 3191 rioorum,
345 3102 386 3166 ut
407 3094 536 3188 Satyri
559 3095 621 3185 qui
643 3094 844 3171 Ptolemaei
861 3095 1111 3188 Philopatoris
1133 3117 1250 3187 genus

144 3243 172 3299 a
192 3221 340 3299 Baooho
365 3225 478 3313 longa
503 3223 601 3292 serio
626 3229 772 3314 repetat
804 3225 857 3314 (o.
877 3224 933 3313 t).
985 3222 1090 3292 Unde
1118 3221 1249 3295 Theo-

142 3348 269 3439 philus
293 3346 476 3419 eonoludit
501 3349 701 3439 seriptores
724 3368 861 3438 omneS,
888 3347 1130 3441 philosophos
1153 3368 1250 3440 poe-f

144 3479 210 3560 tas,
232 3473 445 3567 historioos,
473 3492 603 3544 errore
626 3474 722 3546 labi:
737 3475 786 3545 id
806 3476 905 3564 quod
927 3472 1118 3546 oonfirmat
1141 3475 1252 3553 otiam

148 3617 197 3667 ex
221 3618 349 3670 eorum
377 3600 425 3669 de
460 3582 594 3669 mundo
630 3606 668 3670 et
692 3601 925 3692 providentia
952 3600 1250 3694 dissensionibus,

147 3723 354 3814 speoimiuis
376 3725 459 3795 loeo
481 3727 673 3811 nonnullas
699 3725 858 3797 afferens
881 3730 1073 3817 poetarum
1093 3726 1140 3796 de
1158 3745 1251 3817 pro·

145 3849 312 3925 videntia
335 3849 590 3942 disorepantes
614 3852 718 3925 inter
736 3872 777 3923 se
801 3852 1002 3925 sententias
1022 3854 1074 3943 (o.
1094 3854 1152 3944 8).
1247 3899 1253 3907 .

247 3973 377 4066 Longe
397 3977 587 4048 dissimilis
619 3982 675 4047 est
706 3977 1044 4068 prophetarum
1074 3973 1252 4067 dootrinu,

148 4119 240 4188 quos
278 4101 413 4191 spiritu.
446 4107 573 4173 saneto
612 4103 745 4196 plenos,
767 4101 892 4174 fuisse
916 4104 1064 4195 'probat
1096 4104 1251 4172 eventus
