2836 4852
162 245 233 317 ΒΜ
478 246 695 312 annornm
715 246 964 315 annocum
1033 272 1036 287 ¹
1069 288 1077 299 =

96 419 97 422 ’
170 430 248 492 tem,
281 421 353 500 quia
380 419 619 481 triremundi
646 422 769 498 sumpto
798 436 934 498 eorpore
955 419 1106 505 Iesusin
1135 423 1279 486 seoulum

171 533 274 609 venit,
304 529 402 592 locum
423 544 502 589 vero
525 528 673 591 dormtum
695 530 848 590 iudaieum
868 531 1018 607 pupulum
1040 531 1132 608 dicit,
1161 533 1215 610 qui
1234 536 1279 595 eb

168 641 422 703 incredulitatem
451 656 537 698 suam
567 641 711 700 desertus
739 643 788 700 est
816 657 834 698 a
859 641 978 716 ‚spiritu
1010 644 1137 718 saneto,
1167 646 1204 701 ut
1232 645 1278 704 ait

168 751 332 813 nominos:
365 745 503 826 1⁸„Eoee
524 749 719 824 relinquetur
740 751 831 809 vobis
854 751 963 810 domus
986 752 1093 810 vestra
1116 752 1277 812 deserta.“

177 861 316 940 Quinque
341 876 438 938 pones
466 857 599 933 quinque
632 858 706 917 libri
732 860 829 919 Musis
860 860 1057 938 intelligendi
1088 865 1180 938 sunt,
1213 862 1278 923 duo

171 971 274 1052 pieres
298 969 359 1028 dno
381 969 567 1027 testamenta
588 972 677 1045 sout3
702 971 785 1044 quod
804 973 908 1029 autem
931 967 1023 1029 iussit
1042 972 1194 1047 populum
1209 971 1278 1033 dis-

174 1078 311 1140 cumbere
338 1082 369 1136 et
397 1096 512 1138 cessure
537 1097 627 1157 super
655 1082 777 1157 foenum
807 1096 942 1156 eorpora
969 1083 1077 1140 uestra
1111 1082 1277 1160 signifieat,

171 1186 269 1249 Esaia
290 1188 412 1248 dicente
443 1180 472 1220 1⁹
481 1186 607 1265 „Omnis
629 1205 704 1248 earo
727 1189 807 1248 siout
829 1187 981 1248 foenum.“
1024 1188 1203 1250 Duodecim
1224 1211 1277 1252 eo-

168 1297 284 1380 pitines
312 1299 416 1357 autem
438 1312 607 1372 superesse
629 1297 826 1357 manifestum
850 1302 899 1357 est
926 1299 1087 1358 duodecim
1111 1302 1278 1376 apostolus

172 1409 285 1487 plenos
307 1408 421 1485 spiritu
443 1408 551 1465 saneto
574 1405 753 1484 significari,
775 1423 904 1482 quorum
926 1407 1069 1468 doctriua
1082 1411 1159 1485 post
1174 1421 1278 1471 eseam

170 1519 256 1596 legia
280 1506 418 1593 quotidie
440 1517 598 1576 satiamur.

258 1620 401 1685 ²⁰Homo
422 1623 546 1704 quidum
574 1631 640 1683 erat
662 1622 765 1686 diaes:
794 1625 938 1687 Christus
967 1629 1018 1686 eat
1042 1628 1278 1706 intelligendus.

172 1734 205 1794 lo
222 1735 298 1796 obiit
312 1735 345 1793 io
357 1734 510 1813 reqiooem
528 1733 742 1814 lonqinqaoma
765 1736 842 1795 nihil
865 1738 946 1795 euim
969 1739 1019 1795 est
1040 1737 1165 1815 longius
1183 1756 1278 1815 quam

171 1847 261 1905 terra
280 1858 299 1904 a
320 1843 421 1905 aeolo.
465 1842 522 1903 llio
551 1845 632 1905 venit
662 1845 805 1924 accipere
832 1864 957 1924 reynum
986 1844 1110 1907 humani
1138 1851 1277 1924 generis.

173 1953 218 2014 Et
236 1971 368 2012 renerum
389 1953 507 2013 eeoom‘t
534 1972 633 2015 servor
659 1973 727 2013 suos
756 1961 786 2013 et
810 1951 983 2016 deditium
1004 1955 1106 2016 decem
1127 1958 1226 2018 mimos
1247 1967 1278 2018 et

172 2063 220 2122 uit
237 2061 281 2121 od
298 2059 389 2119 illos.-
416 2060 628 2140 Noyotiume'oi
648 2060 720 2122 dom
741 2064 837 2123 oemio.
884 2060 971 2124 Ciues
991 2072 1090 2126 autem
1113 2067 1176 2126 eius
1197 2066 1277 2128 ode-

169 2177 244 2231 *mot
268 2188 349 2237 eom,
381 2168 491 2229 ludaei
513 2170 643 2230 soilioet.
694 2171 782 2232 Venit
812 2190 887 2252 erqo
906 2174 1173 2252 primordium:
1203 2177 1278 2238 Do-

173 2281 267 2349 mine,
289 2278 371 2338 mimo
392 2285 444 2339 tuo
462 2281 624 2362 aequisivit
647 2280 751 2342 decem
772 2283 887 2342 minas.-
918 2282 978 2343 hoe
1000 2286 1050 2344 est
1070 2289 1278 2363 praereptum

170 2391 258 2450 tuum
279 2405 411 2450 servans
432 2391 600 2465 aequisivit
618 2391 717 2452 verba
739 2391 892 2469 decalogi.
934 2391 977 2452 Et
992 2393 1039 2452 eit
1053 2392 1103 2455 illi
1116 2393 1278 2457 dominus.-

163 2497 262 2579 ·Eoye
279 2517 360 2559 aereo
382 2499 458 2560 bone
479 2507 509 2560 et
530 2499 650 2580 fidelia,
674 2503 746 2582 quio
766 2502 799 2560 iu
817 2498 942 2560 modico
963 2502 1054 2580 suisti
1072 2501 1193 2581 fidelis,
1214 2505 1277 2565 eris

170 2617 355 2690 potestatem
374 2607 484 2671 liobam
504 2631 594 2691 saper
614 2610 720 2671 decem
741 2611 896 2671 ciuitates:
926 2611 959 2670 iu
987 2614 1037 2670 est
1065 2611 1173 2672 deeem
1203 2615 1276 2674 aui-

172 2736 259 2797 mas,
283 2719 394 2796 quibus
414 2735 502 2780 mere
523 2721 705 2798 angelorum
726 2719 818 2780 hemo
840 2720 896 2778 ille
917 2721 1121 2798 praeponitur
1141 2722 1276 2798 quiouu-

108 2823 109 2826 ’
173 2844 233 2902 qne
255 2828 287 2887 in
306 2829 455 2906 pecunia,
484 2830 587 2890 idest
607 2831 639 2889 in
660 2828 894 2908 praedieatione
917 2831 1039 2907 diviua,
1067 2831 1191 2891 domino
1214 2850 1276 2893 suo

171 2952 382 3014 perseverans
412 2955 449 2998 ae
477 2939 580 2999 fidelis
610 2939 761 3000 extiterit.
792 2937 848 2997 -Et
868 2937 1014 2999 serendos
1039 2941 1121 3000 venit
1149 2940 1274 3002 dicam

168 3046 313 3119 Domine,
336 3049 418 3109 mina
439 3056 493 3109 too
511 3050 672 3130 aequisivit
691 3049 820 3129 quinque
834 3049 947 3107 minos:
969 3048 1001 3107 id
1022 3052 1073 3108 est
1093 3052 1274 3112 mandatum

169 3157 254 3218 tuum
276 3159 455 3219 custodiens
475 3161 608 3236 adeptus
631 3176 698 3218 sum
725 3154 1139 3235 spiritalitersspeutateuohi
1168 3162 1275 3222 noien-

170 3266 244 3324 tiam
274 3267 315 3325 ad
343 3267 476 3341 quinque
493 3269 647 3344 -oorporis
677 3283 820 3327 sensuum
846 3265 1086 3342 perfeetiouem.
1121 3269 1171 3337 Et.
1198 3270 1274 3333 hoio

166 3371 272 3434 dixit:
306 3373 350 3434 Et
377 3383 411 3434 tu
439 3381 503 3435 erto
528 3395 619 3455 super
647 3378 777 3456 quinque
804 3375 960 3436 civitates.-
995 3378 1029 3437 id
1059 3380 1108 3438 eet
1135 3380 1273 3457 quinque

165 3483 303 3560 animas,
336 3501 375 3544 eo
405 3487 487 3561 quod
516 3488 678 3564 paeoniam
707 3481 819 3545 domiui
847 3487 880 3543 et
909 3486 1034 3562 eloquia
1064 3490 1152 3548 easta
1182 3492 1275 3566 quasi

165 3595 330 3670 argentum
350 3596 516 3674 probatum
537 3598 692 3658 mentibus
722 3594 877 3654 hominum
904 3594 1085 3658 foenerasti.
1128 3597 1274 3676 Denique

169 3699 283 3763 celanti
302 3705 437 3767 divinam
460 3705 630 3769 doctrinam
650 3707 738 3768 velut
758 3706 915 3765 lueernam
939 3706 1120 3767 submodio
1141 3709 1187 3766 ait
1208 3709 1271 3768 do-

168 3812 286 3892 niuosa
319 3815 420 3886 Quare
447 3837 507 3877 non
529 3816 647 3878 dedisti
665 3814 825 3896 pecuniam
848 3834 943 3874 meam
966 3814 1009 3874 od
1029 3835 1160 3878 memsam
1179 3837 1271 3878 num·

164 3920 318 3992 omloaiis,
350 3934 384 3985 ot
412 3945 475 4005 eye
501 3927 618 3988 ventem
648 3946 715 3987 oum
743 3924 839 3986 asora
867 3925 971 4006 otique
992 3927 1157 4006 eaeyioaem
1179 3929 1269 3988 eom?

216 4091 259 4146 18.
284 4089 352 4146 neo
457 4091 570 4164 deserta]
605 4093 695 4150 Metti.
781 4089 823 4144 19.
843 4089 972 4145 Omnis...
984 4093 1098 4162 ieonum]
1117 4095 1169 4148 leo.
1181 4094 1226 4160 4⁰,
1241 4095 1268 4150 6.

165 4174 207 4240 23,
224 4175 266 4230 38.
779 4174 824 4230 2⁰.
841 4175 1001 4248 Remeato]
1019 4180 1081 4236 Luc.
1096 4179 1140 4249 19,
1155 4180 1267 4236 12-23.

159 4374 201 4563 t
