2836 4852
416 258 475 323 lu
496 256 743 323 turonicum
763 259 841 323 Llu.
862 260 916 325 111.
1162 260 1226 329 251

117 430 240 492 nemine
259 431 413 508 regnante
429 429 526 492 llario
545 431 673 493 deruit‘
695 430 759 493 Sed
778 429 870 494 etiam
891 431 1096 510 legislatores
1120 448 1227 496 omnes

117 542 398 620 deprehenduntur
425 543 516 618 leges
545 554 620 603 suas
649 544 763 619 postea
794 542 949 618 posuisse.
994 541 1029 602 Si
1055 543 1125 618 quis
1146 545 1226 605 euim

116 652 247 713 obiiciat
272 651 417 712 Solonem
441 651 682 728 Atheniensem,
714 651 742 710 is
764 650 959 727 temporibus
984 649 1060 728 Cyri
1082 656 1114 712 et
1137 653 1226 713 Darii

116 778 226 838 regum
256 762 352 838 vixit,
385 759 528 837 aequalis
557 761 713 837 praedicti
743 760 920 838 prophetae
948 760 1140 837 Zachariae,
1175 765 1227 838 qui

117 871 206 930 anuis
236 872 400 931 admodum
430 871 536 930 multis
566 872 640 947 pest
670 871 793 930 exstitit
802 888 810 945 ;
846 871 900 929 vel
927 871 1013 945 quod
1043 871 1157 931 attinet
1185 873 1227 933 ad

116 978 295 1056 Lycurgum
319 984 374 1042 aut
394 981 568 1041 Draconem
591 983 645 1040 aut
663 981 797 1040 Minoem
820 978 1066 1056 legumlatores,
1080 986 1145 1040 'eos
1168 997 1227 1040 an-

116 1089 263 1165 tiquitate
291 1092 486 1166 praecedunt
513 1091 597 1151 sacri
625 1090 717 1166 libri,
748 1089 997 1166 quandoquidem
1027 1090 1120 1151 etiam
1144 1088 1227 1150 love

117 1197 312 1259 Cretensium
342 1216 439 1278 rege,
468 1200 560 1261 immo
590 1202 623 1263 et
644 1200 741 1259 lliaco
763 1199 850 1259 hello
874 1199 1068 1274 antiquiores
1089 1201 1163 1259 sunt
1184 1199 1228 1258 li·

116 1311 206 1367 terae
233 1309 358 1368 divinae
383 1311 466 1386 legis
489 1327 569 1387 quae
595 1307 685 1370 nohis
707 1325 767 1386 per
787 1309 896 1367 Mosen
919 1308 1036 1367 tradita
1059 1310 1118 1368 est.
1163 1307 1225 1369 Sed

116 1421 151 1478 ut
173 1420 350 1478 accuratius
371 1421 545 1496 temporum
569 1421 602 1477 et
621 1434 771 1477 annorum
792 1417 946 1478 rationem
968 1416 1227 1495 demonstremus,

117 1527 179 1585 deo
203 1527 295 1587 nohis
318 1527 447 1588 favente
468 1544 530 1587 non
553 1545 591 1586 ea
614 1527 714 1587 solum
735 1542 816 1601 quae
838 1527 913 1602 pest
935 1525 1085 1586 diluvium
1107 1528 1165 1586 sed
1188 1543 1227 1588 ea

118 1635 213 1695 etiam
244 1653 324 1712 quae
347 1639 421 1697 ante
449 1637 598 1697 diluvium
628 1635 811 1695 aeciderunt
841 1638 1042 1711 enarrantes,
1073 1635 1116 1694 ita
1139 1637 1229 1696 utet

116 1745 248 1804 omnium
277 1746 378 1821 quoad
402 1746 471 1805 lieri
490 1747 601 1822 potest
621 1759 817 1804 numeremus
840 1760 956 1820 annos,
977 1744 1010 1804 id
1031 1761 1111 1804 nunc
1131 1761 1227 1805 exec-

116 1869 262 1930 quemur,
293 1857 333 1916 ad
356 1855 597 1916 remotissimum
619 1854 820 1913 recurrentes
842 1853 948 1913 mundi
975 1853 1144 1913 creationis
1165 1853 1228 1913 ini·

116 1961 209 2043 tium,
242 1966 325 2040 quod
347 1966 453 2026 Moses
482 1964 534 2024 dei
563 1963 701 2024 damulus
728 1962 842 2040 spiritu
873 1962 981 2024 sancto
1011 1962 1139 2022 aillante
1168 1963 1226 2023 de-

115 2143 173 2197 dem
191 2146 361 2200 emendatius
377 2164 416 2200 me
434 2148 563 2216 proposita
582 2146 652 2199 etad
686 2145 761 2197 imme
785 2144 904 2213 Nouius,
930 2146 959 2198 eh
985 2145 1029 2199 illo
1056 2145 1082 2199 in
1110 2160 1224 2203 erronem

116 2230 219 2282 sensnm
245 2233 340 2301 optime
365 2232 472 2301 quadret
497 2235 522 2283 et
542 2233 571 2283 ad
592 2231 651 2284 lile⁴
686 2230 813 2296 inductus,
832 2230 1020 2283 inconsiderate
1038 2232 1115 2284 iussit
1132 2231 1173 2293 ele
1190 2228 1224 2284 co*

116 2324 201 2367 rarum
226 2318 334 2382 vestigia
360 2322 417 2384 apte
445 2319 571 2370 convenii.
611 2316 652 2368 En
686 2312 783 2375 deleri,
810 2314 881 2379 „nisi
906 2316 1009 2380 gravius
1031 2316 1059 2367 in
1082 2317 1108 2370 h.
1126 2316 1145 2368 l.
1163 2316 1226 2369 insit

116 2400 201 2453 verbis
216 2401 283 2454 enim
299 2401 412 2455 codicum
424 2403 578 2455 PPAnnN
588 2405 651 2455 ΛΕ·
687 2396 809 2451 111111113ιί
831 2398 895 2450 Τῶν
915 2393 1050 2452 ἁπάντων
1068 2397 1120 2453 ²⁶²¹
1138 2397 1224 2470 ᾰθῑθ·

115 2487 272 2540 ΓΕΙΤΟΙΟ
295 2487 469 2552 reponendum
493 2493 533 2539 est
560 2488 652 2540 TOY-
686 2481 742 2548 μόν
768 2498 843 2550 quem
869 2485 980 2550 scriptor
1009 2483 1075 2535 dicat
1103 2488 1164 2539 satis
1191 2501 1225 2541 ex

119 2573 203 2624 ΤΩΝ
222 2574 466 2626 APXAIOTHTI.
502 2573 604 2625 Literae
628 2574 656 2624 Γ
688 2582 724 2619 cc.
743 2565 847 2620 24-28
865 2572 980 2637 apparet.
998 2568 1027 2621 C.
1047 2567 1097 2620 29:
1174 2567 1225 2624 cdv

116 2663 143 2710 at
162 2660 202 2724 T,
227 2661 251 2710 Λ
269 2663 296 2709 et
313 2663 349 2724 A,
375 2659 465 2726 quuihus
488 2672 565 2709 ncces
588 2659 653 2710 istae
687 2647 782 2704 πάντα
806 2647 933 2718 ἀριθμόν
960 2647 1033 2703 κατὰ
1051 2649 1083 2706 τὰ
1103 2653 1226 2709 δυνατὸν

115 2743 255 2809 incipiunt,
285 2758 299 2794 a
328 2742 439 2795 librariis
468 2756 652 2809 saepenumero
687 2734 768 2804 οἶμαι
792 2734 828 2790 roi
852 2739 906 2792 νῦν
931 2731 1056 2806 ἀκριβῶς
1082 2739 1225 2808 εἰρῆσθαι.

115 2828 218 2879 confusa
237 2830 311 2892 sunt3
332 2827 363 2878 ci.
381 2828 426 2878 lib.
444 2827 466 2878 1.
486 2842 508 2878 c.
527 2827 551 2878 3.
572 2843 598 2878 n.
618 2827 651 2879 11
686 2825 807 2876 Fermula
831 2825 889 2876 redo
913 2828 1021 2890 καιρῶν
1044 2823 1092 2878 καὶ
1117 2823 1226 2894 χρόνων

115 2914 141 2964 ct
159 2912 203 2963 lib.
218 2911 252 2962 ll.
271 2925 293 2964 c.
312 2910 336 2962 7.
355 2925 380 2961 n.
397 2908 422 2964 9.
687 2910 724 2973 (c.
744 2909 776 2961 17
804 2927 896 2977 νεκηρ.
919 2909 983 2975 περί
1001 2928 1030 2963 τε
1048 2909 1156 2977 χρόνων
1173 2912 1223 2968 καὶ

184 2994 210 3048 7.
235 2995 276 3055 εἰς
294 2991 326 3048 cc*
347 2997 418 3064 ech]
446 2997 540 3063 lungae
559 2997 598 3058 εἰς
616 2994 649 3051 τό
685 2992 1223 3063 καιρῶν-111111.ο.9κατᾶχρο’ν.κ.

115 3093 170 3130 eum
189 3080 278 3134 εἰπεῖν
295 3076 346 3133 τόν
365 3077 498 3149 ἀριθμόν.
529 3083 574 3135 Sic
592 3084 650 3136 alibi
685 3080 775 3146 καιρ.)
802 3079 1224 3146 ennsmnan.n,21uncans.

114 3179 215 3233 quoque
233 3165 390 3235 Theophilus
414 3166 469 3227 eie
493 3168 570 3220 struit
594 3184 650 3221 cum
685 3165 852 3232 3‚1exsnu;
871 3165 930 3217 coll.
945 3166 1014 3218 hell.
1026 3165 1051 3232 1,
1064 3165 1086 3218 7.
1107 3167 1223 3222 ll'hess.

114 3248 240 3302 infinitivo
258 3251 391 3304 articulum
410 3253 535 3317 habente,
560 3258 589 3306 ut
607 3259 651 3306 sut
685 3250 711 3314 5,
730 3249 756 3302 1.
785 3249 869 3303 Verba
887 3255 970 3303 eutem
988 3250 1051 3306 cccl
1069 3249 1223 3323 ποιησόμε-

114 3339 231 3387 eventurn
250 3335 285 3402 (s.
305 3337 436 3405 effectum)
458 3343 500 3390 eat
519 3339 650 3391 eonsilium
685 3337 728 3387 θα
754 3336 814 3403 quid
841 3337 888 3388 sibi
914 3336 1009 3403 velint,
1037 3353 1176 3405 cognosces
1201 3340 1224 3394 si

114 3419 156 3484 (ut
174 3420 260 3487 paullo
277 3424 336 3487 pest
361 3421 401 3481 εἰς
420 3418 451 3474 τὰ
471 3459 478 3472 .
495 3458 525 3474 ..
547 3423 648 3490 εἰπεῖν)
685 3421 833 3486 respexeris
858 3420 889 3472 ad
912 3421 1092 3488 praecedentia
1110 3421 1224 3496 α’κριβν-

114 3503 242 3567 deelarel;
267 3500 357 3570 ἡμῖν
378 3508 461 3557 entem
488 3511 528 3559 est
551 3507 650 3560 dativus
685 3502 788 3570 ertone
812 3503 975 3575 ποιήσωμεν
994 3503 1046 3574 τήν
1065 3504 1222 3577 ἀπόδειξιν.

113 3587 254 3641 commodi:
281 3589 337 3641 vult
354 3590 409 3640 scil.
428 3591 585 3658 Theophilus
603 3607 650 3642 an·
685 3589 802 3656 lienique
828 3591 929 3657 phrasis
955 3589 1028 3643 νατά
1046 3592 1079 3647 τό
1098 3591 1225 3650 euvardo

39 3689 41 3693 ·
114 3673 257 3739 tiquilatem
290 3674 330 3724 rei
360 3674 513 3726 christianae
544 3675 650 3728 demon·
686 3688 736 3727 non
761 3674 843 3725 solum
867 3674 910 3725 illo
930 3674 985 3727 loeo
1004 3693 1025 3730 c.
1043 3677 1077 3731 29
1096 3683 1223 3751 repetitur

113 3760 206 3810 strue.
226 3755 348 3824 wolfius,
374 3758 416 3824 qui
435 3773 490 3810 eum
509 3758 650 3813 editoribus
686 3759 731 3811 sed
753 3759 828 3810 eliam
849 3758 895 3810 suh
916 3759 993 3812 finem
1013 3777 1034 3817 e.
1053 3763 1095 3816 26.

112 3840 196 3893 locum
213 3842 276 3894 falso
294 3843 453 3908 interpunxit
471 3842 523 3908 (εἰς
537 3841 570 3896 od
585 3864 611 3897 ν.
624 3864 648 3897 τ.
752 3843 777 3896 8.
797 3846 919 3914 Μωσῆς]
938 3847 1020 3914 llign.
1035 3851 1175 3920 Μωῦσῆς,
1193 3859 1223 3908 ut

114 3919 264 3990 ἁπάντων,
293 3923 366 3979 κατὰ
392 3922 424 3979 τό
448 3928 474 3980 d.
500 3929 554 3982 εἰπ.
571 3922 650 3996 ἡμῖν,
685 3943 762 3996 supra
790 3927 949 4000 Medicinae,
975 3936 1081 3986 temere.
1127 3936 1164 3988 Ci.
1191 3934 1222 3991 de

112 4006 451 4080 τὸνᾶριθμόνννν1π.),
469 4008 651 4081 putavite‘a'cce
685 4015 771 4066 nerhis
797 4013 887 4068 additis
913 4033 936 4069 c.
955 4015 981 4071 9.
1007 4033 1033 4070 n.
1052 4019 1095 4070 11.
1139 4019 1222 4075 Antea

112 4110 160 4164 pro
179 4092 266 4158 εἰςτὸ
284 4097 499 4166 legendumesse,
519 4102 651 4168 ,‚quonnnis
685 4113 737 4151 nen
771 4095 930 4170 ἀνέγραψεν
960 4103 1052 4170 (len.)
1083 4102 1145 4158 editi
1174 4108 1221 4161 aed

112 4197 146 4234 ne
168 4183 205 4235 sic
223 4181 323 4248 quidem
338 4183 451 4237 coniecta
466 4184 518 4239 sint
533 4185 652 4254 emnir;“
688 4179 837 4255 ἀνέγραψε.
