2836 4852
222 234 599 312 commandationem
620 234 664 297 IN
683 231 925 298 uvanunala
945 232 1021 298 ΠΒ.
1040 236 1078 301 n.
1136 236 1200 307 305

97 411 211 490 seipuli
243 411 333 471 deum
364 410 541 487 approbent
569 408 714 489 dieendo=
734 424 804 469 eum
836 407 1008 486 imperasse
1040 413 1134 481 ventu
1163 413 1199 473 et

98 523 199 606 mari.¹
228 520 271 580 Et
290 524 379 600 sucta
398 528 442 580 ert
464 516 671 599 tranquillitas
691 537 819 598 meque,
842 518 873 577 id
896 521 945 577 est
966 522 1129 582 serenitas.

183 625 266 699 1953
286 630 417 709 'eamne
443 627 483 689 de
511 628 582 703 naui
604 627 734 688 obviavit
762 629 791 688 ei
817 627 908 687 domo
930 626 970 688 de
991 634 1193 703 monumentis,

96 742 207 804 habens
228 723 368 821 spiritum
390 736 582 799 immundum.
625 737 821 798 Monumenta
851 740 923 797 sunt
952 740 1141 800 mortuorum
1160 743 1194 803 id

96 856 146 915 est
166 852 334 911 infidelium
357 851 437 923 loea,
461 851 497 909 ut
515 849 648 925 legimus
673 841 859 924 ¹¹„Dimitte
881 850 1020 909 mortuos
1041 853 1076 911 nt
1098 868 1194 930 sepe-

95 964 173 1023 liant
194 961 333 1022 mortuos
362 956 472 1034 snos,“
504 973 634 1033 quorum
660 956 825 1021 habitatur,
848 956 985 1018 habebat
1012 960 1193 1023 daemonum

96 1070 253 1151 teutonem,
277 1068 334 1129 hoe
356 1071 405 1128 est
425 1069 516 1145 plura
537 1067 677 1145 peecata,
699 1083 779 1141 quae
802 1066 930 1144 scilieet,
953 1072 1096 1146 qnoniam
1110 1074 1193 1135 'dae-

94 1197 214 1242 monnm
236 1178 370 1239 stimulis
392 1178 637 1253 committuntur,
665 1178 751 1237 tanta
779 1180 851 1237 sunt
873 1181 979 1253 quanti
1005 1196 1112 1243 eorum
1133 1199 1192 1242 au-

94 1292 207 1366 steres.
251 1286 317 1347 Nec
345 1287 500 1375 qnisquam
516 1293 648 1364 *petant
679 1285 778 1366 linere
806 1305 871 1348 enm
901 1291 1025 1350 eatenis.
1067 1292 1191 1353 Revera

92 1399 145 1474 qui
165 1398 279 1457 amiens
302 1401 352 1456 est
372 1397 471 1457 seculi
493 1397 615 1482 divinae
637 1395 800 1455 eharitatis
819 1397 943 1457 vinnula
962 1398 1105 1476 disrupit.
1147 1401 1192 1463 Et

92 1506 289 1586 lapiditnsse
303 1505 490 1566 concidebat.
536 1503 725 1564 concidebat
747 1505 909 1580 imaginem
930 1507 1016 1580 illem
1038 1511 1080 1569 ad
1098 1527 1189 1586 quam

91 1596 264 1694 plasmatus
287 1620 371 1692 erat,
401 1632 461 1692 pro
491 1615 693 1690 denlapides
717 1613 886 1674 aderanda.
928 1613 1189 1694 &precedentem
1230 1637 1233 1644 ·

91 1727 208 1805 inquit,
240 1725 333 1786 lesum
357 1721 509 1809 Glrnietnm
530 1723 663 1784 dicentes
684 1721 777 1783 Mitte
797 1743 851 1794 nes
872 1725 905 1783 in
923 1742 1054 1802 peuense
1084 1728 1189 1789 idest

92 1837 124 1897 in
147 1837 285 1896 hemines
308 1835 487 1893 luxuriosus
509 1834 542 1892 et
562 1833 708 1893 sordidos
730 1835 770 1891 et·
782 1850 947 1911 puteorum
968 1853 1055 1897 more
1074 1839 1188 1899 viven-

89 1947 158 2023 tes,
188 1944 361 2020 dequibus
385 1943 461 2003 dieii
490 1942 566 2003 alibi
596 1936 627 1974 ¹²
636 1942 720 2020 „Nee
739 1944 886 2025 miseritis
906 1948 1093 2022 margaritas
1115 1952 1190 2010 ante

91 2054 234 2132 poreos.“
279 2048 362 2112 ¹³Et
391 2051 497 2114 mulier
527 2050 676 2133 qreuedum
704 2033 770 2112 erut
799 2053 832 2112 in
855 2054 1011 2134 profluvio
1031 2059 1187 2137 ennyuiuie

91 2166 178 2225 annis
198 2162 369 2224 duodecim.
402 2161 488 2223 -Cum
520 2164 581 2222 iret
602 2163 741 2223 deminus
769 2163 809 2222 ad
839 2157 869 2196 1⁴²
877 2162 972 2225 filiam
1001 2167 1187 2247 archisyna⁶

90 2276 165 2353 gogi
195 2275 406 2362 salvandam,t
424 2272 457 2331 id
485 2274 535 2331 est
565 2264 692 2349 popule
709 2274 831 2332 iudaice
854 2274 1078 2356 medicaturus,
1108 2278 1195 2343 hae-.

91 2400 254 2444 morronsa
275 2383 402 2458 mulier,
428 2380 488 2442 hoe
516 2383 565 2440 est
586 2382 713 2459 gentilis
733 2382 867 2458 populus
891 2386 1069 2461 sanguinem
1082 2388 1186 2450 'idolis

91 2495 241 2569 tundens,
269 2495 353 2552 taeta
374 2491 495 2551 fimbria
520 2492 710 2568 vestimenti,
740 2492 844 2550 idest
873 2493 968 2551 totius
992 2495 1073 2572 legis
1094 2500 1206 2557 mini--

91 2622 171 2665 mum
199 2605 401 2680 praeceptum
430 2617 606 2677 exequens,
635 2601 756 2659 seilicet
787 2594 814 2632 ¹⁶
825 2600 933 2676 „Quod
962 2602 1020 2661 tibi
1046 2620 1118 2687 nen¹
1136 2607 1185 2665 vis

91 2715 159 2774 fieri
188 2714 281 2772 alteri
305 2729 344 2771 ne
366 2706 519 2787 seueris,“
550 2689 602 2781 vel
630 2711 716 2770 uerte
744 2711 1012 2786 perseverantiam
1033 2711 1186 2775 fideiha-

90 2824 167 2884 bens
190 2822 301 2881 sanata
322 2823 382 2880 est.

178 2925 206 2962 ¹⁶
216 2922 362 3008 Eyrereur
384 2928 464 2989 Iesus
485 2926 566 2990 uidit
588 2907 702 3003 turbam
723 2925 891 2991 multarunt
906 2931 1040 2992 misertus
1055 2932 1184 2993 cneius.

92 3040 169 3099 Cum
195 3039 317 3097 videret
343 3039 484 3099 deminus
511 3039 593 3100 fame
621 3039 712 3098 verbi
737 3039 834 3099 divini
855 3041 1004 3118 pupulum
1026 3041 1186 3122 laborare,

90 3151 235 3210 misertus
258 3151 306 3208 est
328 3150 411 3226 eius,
440 3149 563 3208 scilieet
587 3151 623 3208 ut
647 3150 827 3229 ostenderet
855 3150 977 3211 adhue
1004 3152 1197 3213 sevenisse

90 3263 124 3320 ut
154 3260 326 3336 spiritalem
357 3275 459 3318 eseam
490 3238 632 3335 omnibus
664 3260 863 3321 credentibus
892 3260 991 3329 daret.
1041 3259 1083 3320 Et
1112 3262 1184 3337 quie
1241 3324 1244 3329 Α

89 3366 219 3434 necdum
241 3369 345 3428 fuerat
365 3386 495 3446 passus,
517 3367 562 3429 uit
582 3367 741 3449 discipulis
763 3371 823 3430 suia
843 3370 928 3431 Date
946 3391 996 3432 eoa
1017 3371 1079 3432 iltis
1099 3392 1183 3433 man·

90 3478 220 3539 ducerer
247 3479 307 3537 hue
330 3478 379 3535 est
400 3477 581 3552 praedicate
603 3478 668 3538 illis
689 3479 785 3540 filium
806 3481 874 3557 dei,
903 3480 975 3557 quia
1006 3476 1129 3558 ¹⁷„Lex
1150 3484 1184 3542 et

88 3561 262 3667 praehetae
282 3587 444 3662 usquead
463 3585 626 3648 loannem“
651 3591 750 3650 erant.
793 3589 884 3650 Diem
905 3593 1008 3649 autem
1027 3588 1183 3652 declinen-

141 3753 182 3807 10.
201 3754 237 3806 Et
251 3752 311 3820 eia]
329 3753 407 3806 Mare.
427 3753 452 3818 5,
469 3752 494 3806 2.
510 3752 535 3806 3.
551 3753 576 3806 6.
593 3753 618 3807 9.
703 3754 745 3808 14.
763 3753 799 3806 fii.
813 3755 980 3825 erchunnen]
1000 3749 1080 3812 tlara.
1095 3759 1121 3826 5,
1136 3759 1179 3832 39.

90 3839 160 3907 (15.)
179 3837 220 3891 12.
703 3841 745 3892 15.
764 3839 835 3906 Quod
884 3841 987 3912 ieeeris]
1000 3844 1088 3898 dietih.
1101 3843 1178 3912 7,12.

139 3922 181 3976 11.
200 3922 303 3975 Dimitte
384 3923 456 3992 snos]
482 3923 572 3976 Matth.
592 3923 619 3988 8,
702 3925 744 3978 16.
763 3927 895 3994 Egressus
913 3930 974 3998 eta]
1000 3931 1080 3985 Mare.
1100 3929 1125 3994 6,
1144 3930 1177 3984 31

88 4009 129 4063 22.
150 4009 212 4062 Luc.
232 4007 257 4076 9,
270 4007 318 4075 ee.
414 4056 424 4065 ,.
568 4052 571 4057 ,
652 4011 728 4065 -38,
746 4011 789 4066 43.

141 4093 183 4148 12.
200 4095 254 4148 Nee
325 4094 428 4166 peneus]
447 4091 537 4148 matun.
553 4092 579 4161 7,
594 4092 619 4148 6.
703 4097 746 4152 17.
772 4097 827 4152 Lex
851 4135 900 4152 ...
924 4099 1056 4168 loannem]
1086 4100 1177 4154 Mettis.

137 4178 180 4233 13.
198 4180 234 4233 Et
251 4180 318 4249 eta}
334 4180 413 4233 diere.
431 4179 456 4245 5,
473 4177 516 4234 25.
533 4176 576 4234 27.
653 4183 695 4251 11,
714 4182 756 4236 13.
1152 4187 1155 4194 ’

130 4265 208 4336 carp.
228 4263 312 4335 Apuli
332 4263 388 4320 Vel.
406 4263 476 4320 vlu.
933 4275 972 4334 20
