2836 4852
425 271 481 336 au
504 269 751 333 nunonrouu
771 268 848 332 nm.
868 271 907 333 n.
1155 253 1221 331 '149

158 444 272 504 Statim
293 448 391 502 nutem
413 440 595 502 immortalis
616 461 758 523 resupnum
780 442 927 519 imposuit
948 442 1157 502 necessitatem
1211 434 1215 438 ’

165 552 285 613 Ventis.-
311 570 348 611 ao
368 549 482 609 deinde
504 553 587 611 uenti
609 571 749 631 uinquam
771 568 899 629 superne
920 551 1026 612 turrim

58 743 60 747 7
157 659 341 720 Deieceruret
364 666 393 717 et
412 659 492 718 iuter
514 658 657 719 mortales
680 657 871 720 discordium
894 661 1080 726 emeliorent.

162 769 222 830 Uiri
241 775 340 828 autem
355 768 454 826 hirris
475 767 605 836 cecidit,
629 787 668 827 uo
690 766 813 848 linquae
835 768 988 828 homiuum

158 877 337 937 Mortalium
361 876 393 933 in
417 873 526 935 multos
550 875 665 935 diuisae
686 884 754 936 sunt
778 874 928 938 dialectos
952 905 992 919 ——
1053 938 1070 964 ἂ

114 990 148 1047 ot
168 1004 249 1062 quae
271 987 454 1060 sequuntur.
498 983 602 1059 Atque
625 984 705 1043 haeo
728 985 850 1059 quidem
873 986 964 1060 gesta
988 985 1111 1043 suntin
1134 988 1221 1044 terra

115 1092 353 1158 Chaldaeorum.
398 1092 431 1151 ln
461 1094 548 1150 terra
579 1096 682 1152 autom
706 1091 854 1152 Chanaan
880 1094 954 1152 urbs
978 1093 1055 1171 luit,
1088 1094 1138 1153 oui
1161 1110 1221 1152 no-

112 1221 183 1264 mon
213 1201 343 1265 Charra.
388 1200 430 1258 lis
462 1201 656 1276 temporibus
685 1203 803 1280 primus
834 1203 865 1260 in
898 1203 1046 1278 Aegypto
1075 1203 1222 1277 regnavit

113 1312 257 1387 Pharao,
280 1311 330 1385 qui
354 1312 387 1368 ot
407 1308 572 1368 Neohuoth
593 1311 677 1385 apud
700 1310 878 1387 Aegyptios
903 1311 1004 1369 dietus
1028 1311 1094 1368 est:
1121 1312 1154 1367 et
1178 1308 1223 1367 sio

113 1421 234 1480 dasteri
261 1435 357 1494 reges
386 1418 486 1476 seculi
517 1418 599 1476 sunt„
644 1415 677 1473 ln
701 1419 788 1477 terra
816 1422 920 1477 autem
944 1417 1100 1492 Senonas,
1131 1432 1222 1489 quam

114 1632 145 1682 P.
164 1631 196 1682 E.
218 1629 358 1681 iablonski:
379 1628 498 1695 opusne,
517 1627 556 1680 ed.
573 1629 594 1679 t.
613 1628 651 1680 W.
686 1628 727 1680 lus
745 1631 881 1684 existimat.
918 1630 1043 1682 Nourrius
1066 1628 1173 1694 (Appon.
1193 1625 1223 1677 sd

112 1720 140 1767 te
160 1716 260 1777 Water,
280 1715 309 1765 Τ.
327 1715 346 1764 l.
368 1730 392 1780 p.
408 1711 459 1764 374
472 1727 529 1780 sqq,
687 1714 807 1766 Bibliolh.
827 1715 895 1765 dian.
915 1715 944 1764 P.
963 1715 982 1765 l.
1001 1731 1026 1782 p.
1041 1713 1106 1778 512)
1127 1714 1222 1774 autem,

183 1794 226 1850 28.
252 1793 298 1849 Ἐν
317 1795 347 1851 δὲ
367 1838 373 1850 .
391 1836 397 1850 .
417 1837 422 1849 .
443 1794 472 1849 ἓν
493 1799 528 1867 τῇ
547 1794 650 1868 ἐρήμῳ]
687 1798 753 1864 quod
767 1798 866 1865 quidem
880 1797 1006 1867 improbo,
1026 1797 1079 1848 vult
1091 1811 1137 1864 pro
1153 1790 1223 1860 perui

116 1884 212 1935 Genes.
240 1882 288 1946 14,
308 1881 397 1934 1-6.
443 1883 494 1935 Pro
522 1881 651 1949 Σενναάρ
686 1883 790 1935 τοῦτον
808 1883 858 1948 legi
876 1879 946 1948 poeni
964 1883 1086 1945 noritur,
1105 1897 1164 1934 cum
1181 1895 1222 1932 eo.

114 1968 206 2035 (Ten.)
231 1968 326 2033 legitur
348 1966 423 2030 vulgo
444 1965 563 2031 Σεναὰρ.
600 1968 651 2019 Ρο-
688 1968 822 2021 Caeterum
841 1968 931 2036 procul
957 1966 1032 2020 dubio
1051 1966 1146 2018 librarii
1166 1966 1224 2017 huie

117 2056 171 2105 sien
187 2055 269 2103 aulem
287 2052 348 2102 Ven.
364 2051 437 2102 Bodl.
452 2056 479 2103 et
494 2052 576 2116 editt,
596 2068 651 2103 eno.
686 2053 742 2104 loeo
756 2054 859 2104 vulnera
871 2054 995 2104 leserunt.
1014 2052 1117 2104 Etenim
1130 2045 1224 2116 Ἀριώχ

117 2136 192 2188 Woll.
213 2140 239 2186 et
256 2135 396 2200 Hunptn„
426 2139 495 2205 recte
514 2132 650 2196 Σενναάρ.
686 2151 737 2188 nou
764 2138 859 2204 primus
885 2141 1035 2188 recensetur
1060 2137 1088 2187 in
1116 2134 1224 2196 Genesi,

118 2218 579 2287 ilnmphr.Xodottupopip(oxyt.)
591 2235 652 2272 eon·
687 2219 733 2271 sed
758 2225 815 2285 post
834 2220 972 2287 Amarphal
990 2235 1077 2285 regem
1097 2220 1223 2271 Sennsar.

118 2308 157 2356 tra
183 2304 259 2357 fidem
285 2303 408 2357 codicum.
435 2333 467 2342 —
503 2305 653 2356 Perizonius
688 2306 723 2357 Et
740 2305 839 2357 Ellesar
858 2318 909 2356 non
927 2319 974 2356 rex
991 2305 1052 2366 luit,
1076 2303 1122 2354 sed
1140 2303 1223 2368 ipsum

118 2390 168 2440 ho.
183 2388 348 2455 Theophilum
363 2389 482 2454 exagitat,
499 2389 565 2455 quod
580 2393 652 2455 qusi-
688 2404 794 2454 reguum
814 2388 880 2454 qood
904 2387 1009 2440 tenebat
1028 2385 1136 2440 Arioch,
1170 2387 1222 2438 De-

117 2479 177 2526 tuor
196 2490 272 2539 reges
290 2474 332 2525 hie
350 2479 521 2535 memoratos,
548 2473 605 2538 qui,
625 2478 653 2524 ut
687 2474 813 2538 scriptor,
840 2472 861 2523 si
881 2473 1042 2523 coniecturae
1069 2471 1139 2521 locus
1160 2471 1221 2521 dun-

118 2573 150 2610 οι
167 2559 221 2624 ipsa
240 2556 335 2609 Genes.
354 2559 371 2608 1.
390 2574 412 2610 o.
431 2558 590 2609 manifestum
610 2558 652 2622 sit,
687 2556 750 2621 dus,
777 2569 867 2606 erroro
890 2549 985 2621 Ἀριώχ
1010 2569 1058 2621 pro
1082 2547 1223 2620 Ἀμαρφᾶλ

116 2641 205 2693 eodem
232 2647 346 2706 tempore
373 2642 531 2693 diversorum
556 2655 651 2706 regno·
687 2641 786 2707 posuit:
816 2653 890 2706 quom
924 2652 1048 2689 errorem
1065 2653 1140 2702 quum
1168 2637 1223 2688 aui-

118 2741 174 2777 rum
202 2741 249 2777 seu
277 2726 425 2792 oppidorum
455 2740 530 2791 reges
557 2725 653 2777 tuerint
689 2724 869 2788 modoetiensi,
889 2736 939 2773 non
960 2722 1098 2786 expunxit,
1116 2737 1147 2772 na
1166 2720 1224 2778 libri

45 2873 47 2877 Ι
118 2811 179 2861 socii
198 2810 265 2860 inter
285 2825 312 2859 se
332 2816 358 2860 et
376 2811 463 2873 sunici,
491 2808 653 2862 affirmaverit
688 2805 900 2875 pulchritudinem
921 2799 1073 2868 macularet,
1091 2805 1137 2857 sed
1156 2804 1226 2857 dedit

118 2894 165 2944 sihi
192 2895 300 2943 invicem
327 2893 491 2943 successisse.
535 2893 570 2943 nt
594 2893 652 2944 illos
688 2890 796 2957 ἔτερος,
824 2891 849 2942 h.
869 2907 890 2942 e.
918 2891 990 2943 elisis
1018 2890 1141 2956 (sorex
1162 2887 1223 2955 ruis)

117 2978 227 3030 diversis
260 2979 286 3029 in
321 2978 467 3042 regionibus
503 2976 652 3043 (Assyriae)
689 2976 761 3043 regni
774 2976 892 3027 Ellnsor.
917 2974 1005 3040 ltaque
1021 2974 1127 3040 scripsit
1139 2974 1223 3025 Theo-

118 3070 240 3128 regnasse
257 3064 312 3129 ipse
332 3061 487 3128 Theophilus
506 3062 597 3127 innuit,
615 3059 654 3112 di·
688 3060 772 3130 philus
796 3062 849 3112 tere
870 3058 919 3110 sio:
939 3057 1118 3123 ...πρῶτος
1143 3057 1223 3123 βασι-

118 3161 179 3198 eens
207 3146 325 3198 Xodoti.
354 3141 482 3211 posuistis
511 3139 599 3211 Alioip
628 3149 655 3196 et
689 3139 752 3204 isin
777 3139 885 3211 ἐγένετο
911 3136 1066 3208 Ἀμαρφάλ,
1095 3137 1166 3208 μετὰ
1191 3138 1237 3196 δὲ

120 3231 207 3296 Θαργ.
225 3226 356 3299 βασιλεύς
374 3225 475 3280 ἐθνῶν.
513 3229 584 3292 Ergo
602 3242 653 3278 non
688 3229 792 3280 τοῦτον
814 3223 908 3292 Ἀριώχ
934 3223 1066 3293 docuistis
1082 3223 1224 3293 Ἑλλάσαρ,

119 3317 191 3380 putat
214 3328 258 3365 eos
284 3313 521 3372 sihisuceessisso.
563 3313 654 3363 Neuli·
689 3312 737 3365 καὶ
753 3314 810 3364 net.
846 3311 969 3370 Librariis
994 3313 1086 3378 elium,
1113 3316 1140 3363 ut
1160 3316 1224 3364 anto

120 3398 260 3464 qusm‘hos
278 3412 353 3460 reges
373 3396 528 3462 temporibus
549 3395 654 3459 divellit,
690 3411 729 3448 me
748 3397 891 3448 observavit
908 3398 1043 3460 Marinus,
1060 3396 1224 3451 tribuendum

119 3480 165 3533 sed
183 3484 272 3550 aperte
289 3480 405 3545 agnoseit
419 3479 492 3530 simul
507 3479 654 3544 imperasse,
689 3481 796 3532 tortasse
818 3484 858 3531 est
881 3479 950 3546 quod
969 3479 1076 3545 Thsrgal
1096 3495 1142 3532 rex
1160 3495 1226 3546 geu,-

120 3580 195 3631 quum
213 3565 277 3616 intra
298 3577 341 3615 eos
360 3565 435 3612 unius
456 3561 515 3612 helii
534 3562 654 3614 societate
690 3565 751 3615 tium
777 3562 870 3615 dieitur
895 3563 964 3614 eoin
989 3562 1225 3630 καλουμένων

120 3664 209 3700 omues
234 3648 383 3711 coniungat:
410 3645 457 3698 uui
482 3638 574 3705 nieme
599 3642 655 3711 lys'-
688 3643 889 3714 Zlooopimv-
926 3645 1050 3698 Videntur
1068 3649 1131 3700 hsoe
1148 3652 1225 3704 verbs

120 3751 184 3786 mo
209 3730 272 3786 sire
291 3727 357 3791 eoric
377 3728 513 3796 τέσσαρας
533 3732 656 3798 βασιλεῖς
691 3733 792 3784 minime
818 3731 951 3799 Theophili
977 3745 1052 3795 esse,
1082 3733 1125 3800 qui
1150 3739 1225 3804 quat-

119 3820 176 3870 usi..
208 3816 295 3882 Qnidl
329 3817 411 3868 Probe
430 3817 549 3868 dissonus
571 3820 657 3869 monet
690 3822 750 3868 tuor
767 3815 823 3867 illos
848 3829 923 3880 reges
949 3819 1020 3868 voeat
1045 3831 1120 3883 reges
1143 3819 1225 3883 Assy-

120 3900 287 3968 Theophilum
302 3899 386 3951 verbis
399 3897 469 3965 perd
485 3901 587 3952 τοῦτον
602 3915 656 3951 or·
692 3901 745 3952 rios
764 3899 839 3966 (βασ.
853 3899 910 3952 seir
924 3893 1051 3967 horno),
1069 3903 1146 3953 immo
1165 3916 1225 3953 vero

121 3985 226 4037 dinem
245 3990 371 4052 spectare,
390 4001 464 4052 quern
479 3984 656 4037 (immisto.
691 3985 717 4034 in
749 3983 861 4048 margine
893 3982 935 4035 vel
965 3999 1041 4051 sopra
1070 3985 1164 4037 lineam
1194 3982 1226 4037 ad

119 4086 146 4122 v.
167 4070 182 4121 1
208 4071 234 4121 in
256 4070 290 4121 iis
314 4067 479 4121 numerandis
503 4072 657 4137 secuteesl.
692 4065 785 4122 tenuo
800 4069 916 4136 apposito
930 4069 1024 4123 luisse:
1045 4067 1151 4120 undein
1167 4071 1224 4119 ten-

122 4152 187 4205 Eum
206 4152 336 4217 dignitatis
351 4155 473 4206 rationem
488 4153 583 4207 hebere
597 4153 658 4205 liel-
692 4157 746 4204 tum
766 4156 899 4206 venerunt.
935 4152 974 4208 Gi.
995 4168 1020 4205 n.
1038 4151 1080 4206 29.
1099 4149 1141 4205 30.
1160 4151 1203 4207 ³5.
