2836 4852
458 273 515 336 An
537 272 782 338 turonicum
803 272 880 336 nin.
903 273 954 335 111.
1197 270 1262 337 219

158 444 377 509 Convertimini
398 442 443 504 ad
465 443 621 506 dominam
643 444 732 508 deam
753 455 899 514 costean,
922 439 1176 525 quemadmodem
1197 446 1263 506 ein·
1349 486 1353 496 ·

154 553 291 614 damiane
319 552 365 614 ad
394 552 553 614 cartallum
581 574 681 628 mam,
710 561 740 614 et
765 551 1008 615 mirericordiam
1032 556 1262 634 consequemini.

154 660 254 722 Multa
285 663 409 738 quidem
439 663 493 721 vel
520 664 627 740 potins
649 664 889 723 innumerabilia
914 665 985 721 sant
1007 663 1048 721 de
1067 663 1262 739 poenitentia
1351 715 1352 719 ,

153 770 185 828 in
215 772 332 832 sanetis
364 772 530 848 scripturis
560 773 661 848 dicta,
695 773 823 831 volente
855 786 980 847 semper
1011 771 1072 832 deo
1099 771 1263 834 humanum

154 895 254 955 genno
275 881 316 938 ab
340 881 482 941 omnibus
503 882 645 957 pcccatis
667 883 863 941 convertere.

240 990 290 1046 12.
327 989 502 1049 Praeterea
532 991 625 1049 etiam
655 989 694 1050 de
723 989 860 1066 institia,
893 1005 984 1063 quam
1014 990 1069 1049 len
1098 989 1263 1066 praecipit,

154 1101 392 1157 consentaneae
407 1099 606 1159 inveniuntur
626 1096 853 1174 prophetarum
876 1102 909 1157 et
929 1098 1164 1174 evangeliorum
1187 1114 1265 1159 sen·

153 1205 287 1286 tentiae,
311 1209 484 1283 propterea
508 1208 591 1281 qaod
615 1223 723 1266 omnes
747 1207 847 1267 afflati
870 1223 931 1267 nno
954 1208 1068 1283 spiritu
1091 1207 1142 1266 dei
1164 1206 1263 1267 locati

153 1317 236 1375 sant.
288 1314 388 1393 Igitur
417 1315 538 1375 Iesaias
566 1316 613 1376 sic
640 1317 737 1375 dixit:
771 1313 899 1394 Auferte
927 1314 1009 1375 mnia
1038 1333 1078 1374 ea
1107 1315 1262 1375 animatae

154 1424 275 1491 cestris,
305 1423 415 1483 discite
436 1423 544 1483 bonnm
568 1425 687 1501 facere,
712 1425 849 1503 quaerite
869 1423 1034 1497 indiciam,
1057 1421 1183 1482 liberate
1205 1441 1262 1501 op·

123 1546 126 1548 ·
151 1548 304 1608 pressam,
326 1530 465 1598 indicate
482 1529 678 1608 papium-ee
699 1532 864 1609 iustificate
886 1531 1019 1592 vicinam.
1063 1530 1163 1590 Idem:
1186 1529 1263 1589 Dir-

63 1710 67 1714 ,
155 1637 246 1706 soloe,
267 1639 377 1715 inquit,
401 1656 514 1699 omnem
539 1628 757 1717 eolliyatrnam
779 1641 968 1719 iniqnitatis,
990 1637 1072 1700 soloe
1094 1636 1263 1718 oblinatio·

153 1765 206 1806 ner
227 1745 425 1808 violentorum
447 1754 676 1823 contractuum,
709 1745 831 1808 dimitte
854 1750 973 1826 fractor
994 1750 1027 1807 in
1049 1749 1263 1822 remissionem,

154 1862 184 1914 ot
218 1874 333 1915 omnem
368 1858 554 1936 scripturam
588 1856 723 1936 iniquam
756 1855 939 1930 conscinde,
974 1859 1088 1935 frenae
1120 1855 1263 1916 esurienti

151 1982 263 2042 panem
286 1973 384 2032 imam,
418 1970 448 2024 et
472 1981 626 2042 parcperer
654 1965 719 2023 sine
741 1971 822 2025 tecto
844 1963 940 2024 indae
962 1966 994 2024 in
1017 1964 1138 2025 domum
1161 1949 1264 2034 incorr

154 2073 181 2130 ei
202 2051 314 2132 viderie
335 2071 464 2140 rendam,
495 2074 600 2150 operi,
629 2079 660 2132 et
682 2071 864 2132 domesticos
884 2073 1005 2132 reminis
1027 2074 1073 2132 iai
1094 2091 1131 2132 ne
1150 2071 1262 2150 deope-

153 2181 246 2240 nerir.
302 2181 388 2242 Tunc
419 2186 555 2257 erumpet
584 2182 762 2240 matutinam
793 2180 892 2241 lamen
923 2189 1021 2250 taam,
1054 2188 1085 2240 et
1116 2182 1263 2240 sanitates

155 2298 224 2349 tuae
245 2292 308 2349 cito
331 2291 483 2356 orientur,
513 2296 544 2348 et
561 2288 697 2367 praeibit
719 2296 790 2348 ante
812 2295 841 2348 te
863 2289 981 2348 institia
1005 2296 1067 2349 tna.
1110 2288 1262 2348 Similiter

155 2399 253 2457 etiam
271 2398 437 2458 Ieremias:
469 2398 573 2464 State,
604 2398 719 2472 inquit,
748 2397 781 2454 in
801 2397 858 2455 riis
880 2403 909 2455 et
932 2395 1050 2464 videte,
1079 2403 1110 2456 et
1131 2397 1262 2457 interro·

154 2513 228 2585 yate
250 2505 347 2586 qualia
369 2508 410 2566 rit
431 2505 480 2564 oia
503 2503 621 2563 domini
642 2504 740 2563 nostri
759 2503 854 2571 bona,
877 2500 907 2562 ei
920 2503 1081 2563 arnonlate
1102 2505 1135 2562 in
1158 2523 1210 2573 ea,
1232 2510 1263 2563 et

156 2608 312 2676 invenietis
346 2615 478 2696 requiem
508 2599 663 2672 arrimatne
689 2611 806 2671 nestris.
859 2608 1009 2670 Indicium
1039 2611 1148 2670 instem
1180 2609 1263 2670 indi·

157 2731 243 2791 oate,
275 2724 347 2803 qnia
374 2724 408 2782 in
436 2721 483 2781 Iria
514 2729 558 2780 ert
587 2717 726 2779 colenter
749 2718 868 2778 domini
891 2718 945 2777 etei
968 2719 1067 2779 centri.
1112 2718 1263 2778 Similiter

156 2833 249 2892 etiam
269 2831 391 2891 Hosoas
412 2831 504 2892 dicit:
543 2827 707 2890 ‹Carionito
727 2827 876 2888 indicium
897 2833 928 2886 et
949 2827 1200 2907 appropinquate
1220 2826 1265 2887 ari

225 3063 251 3114 2.
269 3056 390 3128 Ἀφέλετε
475 3057 576 3127 χήραν]
599 3060 648 3112 ies.
668 3059 693 3124 1,
796 3057 821 3109 8.
841 3057 958 3125 κρίνετε]
981 3058 1039 3110 Par.
1054 3055 1175 3123 notante.
1202 3057 1263 3108 Mox

151 3145 189 3200 -16
203 3162 242 3214 sq.
261 3175 295 3186 —
313 3147 394 3199 Gesn.
413 3140 555 3213 ἅφὲλπαι.
728 3139 785 3196 ἐστὶ
803 3143 929 3208 vulgatur,
948 3143 1004 3194 eine
1021 3161 1037 3194 a
1058 3141 1159 3208 (ven).

224 3232 249 3283 3.
268 3226 400 3301 ὀρφανῷ]
420 3231 479 3282 Per.
500 3224 625 3296 ὀρφανά.
798 3227 823 3280 9.
851 3222 943 3295 Ὠσηὲ]
978 3227 1056 3279 codo.
1085 3227 1143 3279 meti
1174 3234 1262 3278 omnes

224 3318 250 3369 i.
277 3315 382 3369 Διάλυε
401 3354 408 3366 .
426 3354 432 3369 .
451 3355 458 3369 .
478 3315 532 3368 δικ.
552 3313 614 3381 aon]
641 3315 692 3368 los.
727 3315 832 3381 μωσῆς.
878 3316 922 3366 Sic
946 3314 1020 3366 etiam
1047 3312 1123 3376 editi,
1149 3309 1263 3378 exeeptis

156 3403 199 3469 58,
219 3402 295 3454 6-8.
313 3430 347 3441 —
370 3402 495 3466 Humphr.
513 3402 591 3466 φησί.
727 3401 795 3453 Fen.
809 3404 835 3451 et
849 3399 925 3451 Woii.
944 3398 988 3466 qui
1005 3412 1038 3450 en
1056 3396 1200 3448 coniectura
1217 3395 1263 3445 hr-

225 3488 251 3540 ὅ.
278 3481 449 3553 ἔμπροσθέν]
481 3484 542 3536 Ven.
570 3481 599 3536 ἓν
619 3501 692 3550 προ·
728 3485 790 3537 bont
807 3481 927 3545 Ἡσαΐας.
966 3482 1018 3534 Sed
1036 3481 1085 3533 loci
1103 3482 1153 3532 les·
1172 3477 1221 3540 66,
1240 3478 1263 3530 1.

159 3568 237 3625 σθέν.
727 3567 822 3632 41,1.
848 3566 966 3633 45,18,
994 3581 1058 3631 quos
1083 3567 1132 3618 hue
1160 3564 1265 3616 advocat

226 3654 251 3707 6.
270 3654 359 3721 Erite
429 3645 520 3719 incia]
541 3651 633 3716 leni,
651 3650 693 3704 16.
726 3653 828 3713 Felice,
853 3652 1006 3704 senientiam
1030 3664 1081 3701 non
1106 3650 1167 3701 satie
1193 3649 1263 3700 reie-

158 3740 451 3804 VerbeKaianueque
470 3737 540 3789 θεοῦ
559 3731 694 3802 inivibi
727 3740 797 3788 runt.
826 3735 891 3800 Quid
909 3736 1006 3801 inituri
1040 3736 1121 3787 Verba
1139 3738 1263 3801 repetun-

156 3838 207 3877 ncn
227 3824 369 3888 adirentur3
393 3834 476 3888 neque
502 3823 586 3874 inveni
610 3822 692 3872 locum
727 3825 770 3871 tur
784 3833 815 3872 ex
829 3821 927 3871 Hoeea:
949 3817 990 3886 12,
1004 3816 1019 3870 6
1035 3823 1062 3871 et
1075 3816 1149 3882 mr
1168 3815 1262 3882 (Grrb.

156 3910 223 3962 unde
241 3909 354 3961 desumto
373 3907 433 3959 sint.
728 3919 769 3973 ap.
788 3904 896 3970 Wolf.):
922 3903 1029 3971 ideoque
1055 3902 1157 3970 reposui
1176 3894 1263 3965 Ὠσηὲ.

226 3994 250 4047 7.
276 3990 414 4063 βαδίζετε]
443 3991 507 4043 Ven.
533 3983 631 4057 βάδιζε
658 4006 694 4041 τα
728 3989 803 4041 Patet
834 3989 929 4056 μωσῆς
958 4004 991 4041 ex
1021 3983 1092 4053 ω’σηὲ
1121 3998 1169 4054 per
1195 3982 1262 4036 oeci-

156 4080 234 4146 (sic),
253 4078 325 4133 Bodl.
344 4076 440 4147 βαδίζε
458 4070 508 4138 eri,
534 4074 593 4126 Par.
612 4073 693 4142 βαδί-
727 4073 832 4126 tantiam
855 4073 951 4127 librarii
977 4071 1094 4125 facillime
1116 4068 1187 4122 nasci
1216 4080 1263 4134 po·
1362 4090 1364 4096 2

156 4165 215 4229 ζετε
233 4161 276 4216 eei.
728 4158 816 4211 tuisse.
