2836 4852
424 272 488 337 ¹Al)
511 270 854 335 Aetolicomilmss
875 270 913 333 ll.
1177 274 1225 340 ’.51

111 442 206 503 ¹etitem
226 442 288 503 bno
310 458 410 518 usque
429 444 519 502 nasei
541 444 662 505 debere
683 446 810 522 genitos
831 446 926 517 deos,
955 444 1002 502 sin
1025 445 1141 523 minus,
1163 463 1223 525 ge-

110 562 170 612 nn's
192 552 345 611 eiusmodi
368 551 519 611 infirmum
539 553 758 630 reputabitur:
782 553 834 612 vel
853 554 935 612 enim
958 558 1144 632 senuerunt,
1165 573 1222 620 nee

111 661 172 719 iam
194 661 267 720 ideo
298 662 446 737 gignunt,
476 662 529 721 vel
559 664 672 722 mortui
700 666 772 722 sunt
793 677 896 737 neque
917 662 1052 738 emplius
1081 668 1219 729 exstant.

109 767 188 828 Nem
210 769 238 828 si
260 769 467 849 gignebantur
487 771 539 847 dii,
563 773 732 848 oportebat
748 786 804 832 eos
821 771 915 830 etiem
930 771 990 831 huo
1008 788 1107 847 usqne
1125 775 1222 853 gigni,

110 863 367 953 quemadmodum
389 882 422 938 et
444 875 582 940 homines
604 881 789 957 gignuntur,
813 879 903 940 immo
924 880 1033 957 plnres
1056 898 1129 943 esse
1144 885 1222 946 eleos

110 1003 201 1063 quem
223 987 383 1064 homines,
411 990 445 1048 ut
468 990 513 1047 eit
535 988 674 1065 Sibylla:

242 1094 330 1156 Num
352 1098 379 1156 si
402 1096 449 1157 dit
468 1098 602 1177 pipnunt
624 1097 867 1179 immortalesque
888 1107 1025 1168 monent,

250 1205 309 1265 Dii
332 1206 432 1284 pontii
450 1204 555 1283 plures
577 1206 746 1269 bominibus
770 1218 882 1275 esseut,
931 1213 935 1219 '

224 1343 228 1347 ·
250 1312 317 1374 Nee
339 1313 425 1374 loeus
448 1321 523 1374 esset
544 1316 596 1376 ubi
615 1315 758 1377 mortales
780 1319 942 1377 consistere
961 1329 1096 1395 possent.

10 1432 12 1443 ⁸
108 1424 187 1486 Nem
210 1426 238 1484 si
260 1423 414 1483 bominum
445 1424 497 1498 qui
521 1425 671 1484 mortales
702 1427 735 1484 et
763 1426 836 1486 aevi
857 1426 1036 1486 brevissimi
1066 1431 1138 1488 sont
1160 1429 1220 1490 buo

107 1551 210 1611 usqne
232 1532 327 1592 liberi
349 1530 447 1606 geniti
469 1535 691 1610 monstrantur,
713 1550 771 1594 nee
788 1535 875 1611 gigni
890 1535 1032 1596 homines
1049 1536 1221 1615 desierunt,

106 1649 150 1706 e'x
171 1659 233 1720 quo
255 1642 291 1700 tit
311 1642 345 1699 nt
369 1639 553 1716 repleantur
577 1641 671 1702 urbes
694 1644 727 1701 et
749 1643 931 1719 oppinuet
952 1645 1015 1721 ipsi
1035 1646 1127 1706 etism
1151 1649 1221 1725 egri
1259 1664 1262 1669 ·

109 1753 301 1813 insolentur:
325 1765 365 1807 an
386 1764 448 1807 non
471 1749 570 1824 magis
593 1751 763 1826 oportebat
782 1752 871 1828 deos,
892 1753 944 1827 qui
962 1755 996 1812 ut
1012 1754 1122 1814 volunt
1138 1773 1219 1832 poe-

108 1864 161 1923 tae
192 1877 253 1925 non
283 1858 472 1933 moriuntur,
500 1859 633 1934 gignere
664 1861 696 1917 et
723 1860 825 1937 gigni,
856 1863 1113 1937 quemadmodum
1142 1866 1220 1927 deos

107 1973 198 2032 natos
228 1985 300 2028 esse
330 1968 460 2027 dieitist
505 1963 569 2024 Gur
597 1968 700 2056 autem
730 1984 818 2028 mons
849 1972 900 2046 qui
930 1971 1043 2031 dieitur
1067 1972 1219 2050 Olympos

109 2080 183 2141 olim
213 2078 336 2154 quidem
365 2093 381 2134 a
407 2076 467 2135 diis
496 2074 711 2149 incolebatur,
747 2092 827 2136 nuno
858 2095 934 2140 vero
965 2081 1111 2142 desertus
1143 2085 1218 2144 estt

108 2188 173 2249 Ant
201 2167 256 2247 our
287 2186 359 2246 olim
388 2184 513 2261 quidem
545 2184 575 2241 in
607 2185 708 2242 monte
740 2182 796 2244 ida
817 2185 960 2265 Iuppiter
990 2190 1137 2250 manebat
1160 2191 1220 2267 (ibi

110 2315 179 2359 eum
201 2313 327 2357 manere
348 2297 422 2354 nota
445 2310 497 2353 res
520 2297 590 2352 erat
614 2294 647 2351 ut
669 2290 821 2353 Homerus
841 2297 945 2365 etalii
961 2300 1077 2373 poetae
1094 2300 1218 2359 testen-

107 2409 187 2484 tur),
207 2423 287 2466 nuno
310 2419 386 2465 vero
412 2404 551 2477 [ubinam
573 2403 629 2474 sit]
655 2403 847 2479 ignoraturt
885 2402 947 2464 Cur
970 2420 1030 2464 non
1055 2409 1125 2466 eret
1146 2409 1218 2468 ubi-

108 2532 179 2593 que,
201 2517 258 2576 sed
279 2516 310 2574 in
326 2518 431 2573 terrae
447 2514 539 2589 parte
555 2510 799 2570 inveniebaturl
829 2511 889 2570 Vel
905 2513 985 2571 enim
1001 2516 1145 2574 caeteras
1161 2533 1219 2575 ne-

109 2625 261 2706 gligebat,
285 2624 336 2684 vel
359 2639 420 2682 non
443 2623 571 2698 poterat
593 2619 707 2695 ubique
731 2635 802 2678 esse
825 2621 858 2677 et
875 2620 1015 2679 omnibus
1039 2623 1219 2697 providere.

108 2734 187 2795 Nem
209 2736 237 2793 si
262 2738 346 2807 eret,
374 2734 408 2791 nt
431 2730 577 2805 exemplo
600 2733 685 2803 nter,
712 2729 743 2787 in
763 2731 854 2804 parte
875 2728 1038 2804 orientali,
1066 2718 1127 2790 non
1150 2735 1221 2792 eret

108 2845 141 2903 in
169 2850 261 2921 perte
291 2839 494 2913 oeoidenteli3
527 2854 637 2897 rursus
660 2839 688 2896 si
711 2838 740 2896 in
765 2837 1011 2898 occidentalibus
1040 2839 1118 2900 loeis
1142 2844 1220 2920 erat,

108 2968 171 3011 non
191 2954 261 3012 eret
283 2953 312 3011 in
336 2949 551 3023 orientalibus.
597 2947 656 3006 Dei
678 2950 780 3006 entem
796 2943 947 3021 ,altissimi
970 2949 1002 3007 et
1023 2945 1219 3026 omnipoten-

177 3171 203 3226 e.
221 3168 272 3241 μὴ]
291 3167 518 3238 woltptvdedit.
541 3170 647 3223 Attis·
751 3167 776 3219 9.
804 3164 977 3237 ἐγινώσκετο]
1005 3167 1079 3220 Bodl.
1100 3173 1127 3221 et
1145 3170 1217 3222 editt.

108 3272 182 3311 rem:
201 3257 306 3324 „lilinus
325 3255 388 3308 vidit
402 3254 562 3321 negationem
578 3253 647 3305 illem
682 3253 849 3321 praemittunt
865 3252 928 3320 nal,
947 3268 1020 3320 quem
1041 3253 1140 3322 quidem
1158 3269 1218 3322 per-

110 3351 184 3410 quem
203 3341 315 3406 sustulit,
334 3341 383 3393 elsi
403 3341 562 3408 superfluere
576 3338 647 3392 ride·
682 3337 782 3390 tienlem
811 3351 859 3405 ope
886 3338 951 3390 Ven.
980 3338 1087 3401 sustuli,
1114 3339 1141 3392 in
1168 3353 1219 3407 que

109 3433 166 3491 tur,
191 3442 224 3481 ex
241 3440 312 3479 more
330 3431 414 3479 temen
433 3429 460 3477 et
476 3424 580 3490 ingenio
597 3423 647 3476 lin·
683 3422 762 3474 abest.
789 3421 929 3474 corrector
951 3421 1049 3473 demum
1076 3422 1219 3494 adscripsit.

109 3527 173 3580 guse
189 3526 293 3578 greeeee
311 3512 418 3580 positum
435 3511 521 3562 esee.“
548 3509 586 3561 ci.
600 3508 647 3560 Ph.
682 3506 789 3559 Homeri
808 3505 967 3572 aliorumque
983 3506 1054 3558 locos
1071 3506 1119 3560 hue
1138 3511 1219 3575 perti-

109 3598 260 3650 Buttmunn.
277 3597 385 3650 Grieelt.
402 3596 549 3648 Gremmol.
566 3592 648 3646 eutii
683 3595 774 3644 nentes
804 3589 907 3657 collegit
932 3591 1063 3643 Menesiue
1090 3593 1116 3644 in
1143 3593 1220 3647 crete

110 3682 186 3750 (Ber.
204 3681 285 3748 1858)
304 3696 330 3750 p.
347 3679 408 3735 488,
683 3691 729 3728 sue
747 3676 789 3727 lib.
806 3674 841 3727 ll.
861 3689 881 3726 e.
898 3673 922 3726 5.
958 3673 1021 3727 coll.
1040 3676 1220 3744 spanhemium

178 3817 195 3868 7
229 3787 300 3875 ‘tote
346 3812 358 3870 ὲ
582 3813 588 3826 ‚
684 3759 714 3811 ed
733 3759 982 3859 cellimeeliibymn.
1002 3761 1029 3812 in
1048 3761 1098 3813 lor.
1119 3777 1142 3831 p.
1159 3761 1209 3861 ti..

196 3855 203 3869 ·
324 3816 388 3883 4⁴²¹]
421 3814 460 3866 Μ
485 3826 588 3882 ¹⁰p⁰⁵u¹
616 3828 647 3865 ²¹
752 3843 794 3901 1⁰.
829 3839 910 3913 oilie]
946 3845 1025 3912 Ven.;
1057 3848 1125 3913 vulg.
1154 3848 1219 3898 ete.

109 3901 256 3955 ΰθΰῑθῦῑῦῐθ
274 3915 321 3970 Ρῑ0
342 3898 408 3965 ”¹¹8¹
427 3892 478 3964 μὲν
496 3894 569 3950 '⁶²⁸'
683 3932 748 3984 Tum
762 3929 890 3997 Humphr.
905 3923 1053 3998 ηὑρίσκετο
1073 3933 1115 3998 (ut
1128 3944 1219 3996 supra:

179 4020 205 4073 8.
223 4018 336 4087 εἵνεκεν]
357 4019 419 4071 ven.
432 4020 458 4069 et
470 4013 559 4081 Bodl3
578 4014 648 4067 editt.
684 4031 710 4068 n.
728 4015 768 4082 t),
787 4012 811 4066 id
831 4014 898 4080 quod
917 4016 957 4067 lite
977 4015 1049 4067 eodo.
1069 4013 1220 4067 auctoritate

111 4101 213 4159 iesum.
684 4112 734 4152 non
752 4096 876 4152 firmetur.

901 4193 1012 4254 ,μ
