2836 4852
201 282 245 352 80
511 279 728 346 annouflihl
750 281 999 346 uuuiociiuiu

201 456 255 521 νῦν
275 451 347 536 μετὰ
367 458 420 533 τῆς
441 453 551 517 ἑαυτοῦ
572 456 682 532 σοφίας
703 451 924 535 ἐξιρενξοὶμενος
943 452 1002 535 ντρῦ
1026 455 1087 515 νῦν
1109 450 1198 515 ὅλων.
1237 455 1314 515 Τοῦ-

202 590 256 630 τον
277 564 331 628 τὸν
352 562 442 645 λόγον
464 563 548 645 ἔσχεν
569 559 725 644 ῦπονργῦν
745 565 807 624 τοῦν
826 556 879 623 in'
900 556 997 623 αῦτοῦ
1017 561 1234 651 γεγενημένων,
1264 563 1344 627 nuic

200 673 242 738 δι’
266 670 361 737 αὐτοῦ
384 669 419 735 τῦ
441 671 541 735 πάντα
562 674 730 752 πεποίηκεν.
779 663 877 744 Οὗτος
898 670 1009 752 λέγεται
1030 666 1141 751 1ῦργή,
1165 669 1211 733 ὅτι
1232 667 1315 751 ἄρχει

201 786 250 848 καὶ
278 781 408 866 κυριεύει
434 781 558 844 πάντων
580 783 641 843 νῦν
668 778 706 844 δι’
735 777 829 843 αὐτοῦ
859 779 1167 862 δεδημιουργημένων.
1215 772 1315 854 Οὗτος

201 886 267 969 οῦν,
290 888 359 956 8νῦν
380 896 498 972 πνεῦμα
518 895 594 952 θεοῦ
616 891 665 954 καὶ
688 886 764 973 ἀργή
786 889 835 952 καὶ
855 891 947 967 σοφία
964 888 1012 952 καὶ
1029 887 1156 970 δύναμις
1170 885 1313 967 uuinton,

201 1001 364 1086 Ικατήρχετο
393 1003 435 1074 εἰς
465 997 536 1072 τοῦς
558 999 718 1081 προφήτας
742 1000 792 1062 καὶ
814 996 853 1062 δι’
873 994 975 1062 αῦτοῦν
997 993 1091 1063 ἐλάλει
1112 999 1149 1061 τοὶ
1169 1000 1238 1079 περὶ
1261 1005 1315 1079 τῆς

203 1113 352 1192 ποιήσεως
375 1113 431 1174 τοῦ
451 1105 566 1189 κόσμον
592 1109 643 1171 καὶ
666 1113 728 1172 νῦν
749 1110 863 1171 tommo
885 1101 1040 1172 ἆπαῖννοιν.
1088 1103 1134 1171 oi
1155 1105 1212 1191 γὰρ
1232 1101 1315 1188 ἦσαν

203 1223 234 1286 oi
259 1225 414 1304 προφῆται
443 1218 491 1282 ὅτε
514 1216 533 1283 ὅ
553 1216 665 1298 κόσμος
692 1219 820 1300 ἐγίνετο,
850 1212 923 1281 α’λλσὶ
953 1214 997 1297 9ή
1018 1219 1112 1296 σοφία
1132 1215 1154 1298 ή
1175 1219 1208 1282 ἐν
1228 1214 1314 1303 αὐτοῦ

201 1323 278 1396 οὖσα
306 1327 328 1410 ή
351 1333 405 1392 τοῦ
427 1332 504 1391 θεοῦ
535 1328 585 1391 καὶ
613 1323 631 1391 o‘
654 1326 741 1410 λόγος
768 1323 888 1409 ῦῦγισς
913 1322 1010 1390 αῦτοῦ
1037 1324 1056 1391 o‘
1078 1323 1123 1391 nisi
1145 1326 1313 1411 oupuupoiu

202 1435 295 1522 αῦτρῖ.
341 1435 398 1501 Auo
428 1438 467 1518 δή
493 1437 544 1500 not
572 1436 621 1500 ῦιᾶ
654 1439 836 1515 Σολομῶνος
865 1432 1024 1515 προφήτου
1057 1435 1191 1511 ιοοῦτοος
1219 1437 1311 1519 λέγει·

202 1545 343 1611 11Ἠνίιια
364 1543 389 1609 δ’
410 1543 571 1627 ήτοίμσισεν
595 1542 648 1609 νῦν
671 1541 821 1628 σῦρανῦν,
849 1542 1048 1627 σνμτιαρήμην
1071 1544 1172 1630 αῦτρῦ,
1196 1547 1245 1609 καὶ
1268 1542 1345 1620 u‘eii

200 1652 306 1740 ἰσχυροὶ
330 1656 422 1720 ἒαοίει
444 1652 478 1719 τῦ
503 1654 625 1736 θεμέλια
647 1658 701 1734 τῆς
721 1660 790 1736 γῆς,
820 1651 901 1736 ήμην
928 1651 997 1738 παρ
1021 1651 1105 1742 αῦτρῦ
1128 1653 1308 1739 ἆρμόζονσα.

199 1909 224 1964 i.
238 1913 254 1965 i.
275 1928 303 1964 er
321 1911 451 1964 besehioss
470 1911 496 1961 in
513 1909 599 1961 seiner
615 1906 738 1959 Weishoii
772 1908 818 1960 her
838 1898 885 1973 (ii,
905 1908 946 1962 10.
966 1911 997 1962 oi.
1016 1911 1039 1976 1,
1056 1911 1095 1979 3),
1114 1909 1171 1964 dass
1189 1909 1234 1963 der
1253 1909 1310 1960 hei-

198 1995 248 2049 den
262 1994 347 2062 Logos
364 2009 412 2046 von
425 1994 480 2048 sioia
494 1993 623 2059 ausgehen
639 2007 669 2043 zu
683 1991 736 2042 ias·
772 1993 821 2060 ligo
841 1993 916 2047 Geist
940 1995 1055 2063 augieioh
1080 1996 1125 2049 mit
1148 1995 1204 2048 dem
1222 1996 1310 2062 Lepos

199 2080 275 2141 oen.“
313 2078 365 2132 Atii
383 2092 445 2132 voro
474 2079 519 2130 uiri
547 2077 613 2129 dooti
639 2080 735 2128 statue·
772 2081 879 2131 emuniri
897 2080 962 2132 sei.“
999 2082 1135 2134 caeterum
1154 2081 1310 2148 Theophilus

198 2169 260 2217 runt
285 2165 432 2232 sapientiam
458 2164 588 2232 (spiritum
607 2162 734 2228 sanctum)
772 2178 856 2230 nequo
889 2164 1042 2217 Asianorum
1081 2167 1181 2230 (Petav.
1218 2166 1308 2232 Dogm.

199 2248 338 2317 Theophilo
364 2263 421 2300 esse
442 2247 594 2315 peculiarem
613 2251 735 2312 naturum,
772 2251 850 2302 theol.
880 2249 911 2301 do
938 2252 999 2304 trin.
1027 2252 1071 2305 lib.
1091 2252 1111 2302 i.
1139 2267 1161 2302 o.
1180 2251 1204 2304 3.
1232 2251 1259 2319 §.
1279 2250 1308 2316 o)

198 2349 263 2403 quae
281 2349 295 2385 a
312 2333 371 2399 iogo
389 2332 508 2385 distincta
534 2347 580 2400 por
604 2349 633 2384 se
651 2332 736 2384 suisi—
771 2350 854 2402 nnque
876 2335 1045 2388 Nicaenorum
1073 2336 1155 2402 (Buil.
1179 2337 1237 2388 Dei.
1264 2335 1308 2388 fio.

198 2423 257 2472 stat.
279 2418 369 2472 c.15:
389 2419 440 2485 τῆς
454 2415 580 2487 τριάδος,
596 2417 648 2470 τοῦ
661 2417 734 2471 θεοῦ
771 2420 821 2471 nie.
841 2424 903 2473 sect.
923 2419 948 2472 3.
967 2436 990 2472 ο.
1009 2420 1037 2487 7)
1065 2420 1207 2474 sententiae
1232 2421 1309 2473 iuvet.

197 2502 246 2558 sot
263 2504 315 2558 τοῦ
334 2498 417 2570 λόγον
435 2501 482 2556 sut
500 2504 552 2572 τῆς
566 2502 672 2570 σοφίας
685 2496 734 2555 αῦ-
771 2504 859 2571 Logon
891 2507 957 2559 enim
986 2507 1114 2560 existimat
1144 2507 1174 2557 ah
1202 2510 1308 2569 aeterno

197 2591 261 2644 τοῦ.
295 2590 325 2642 0.
344 2588 393 2642 18:
412 2585 464 2642 ονίι
483 2584 556 2658 ἄλλῳ
574 2584 611 2642 ot
623 2606 679 2640 τινι
697 2586 735 2640 εἴ·
771 2605 825 2642 oum
844 2590 892 2642 deo
910 2591 990 2644 fuisse
1007 2595 1133 2658 tamquam
1157 2592 1213 2647 eius
1238 2588 1309 2645 νοῦν

198 2693 282 2744 ρηνεν
300 2671 477 2743 Ποιήσωμεν,
496 2668 556 2727 ἀλλ’
575 2665 595 2740 ἢ
612 2674 652 2743 τῳ*
670 2670 734 2726 tuu-
770 2689 798 2726 ao
816 2671 956 2742 φρόνησιν
975 2676 1010 2741 (o.
1027 2674 1078 2742 22,
1098 2673 1156 2742 top.
1174 2671 1307 2728 ἐνδιάθε-

196 2762 250 2815 τσῦ
275 2757 347 2830 λόγῳ
370 2760 430 2814 καὶ
454 2760 488 2830 τῇ
507 2758 611 2813 ἑαυτοῦ
635 2759 734 2833 σοφίᾳ.
771 2762 844 2826 τον),
863 2764 888 2813 et
907 2759 937 2812 ad
956 2759 1041 2812 mundi
1060 2762 1213 2812 creationem
1226 2759 1307 2813 torma

197 2845 291 2899 Liui.
311 2861 331 2896 e.
348 2846 379 2897 7:
407 2841 441 2899 Ὁ
457 2841 526 2906 θεὸς
545 2840 593 2897 διὰ
611 2845 663 2898 τοῦ
687 2841 735 2898 to·
770 2843 885 2897 indutum
910 2844 1067 2914 hyposiaiioi
1085 2844 1210 2912 prodiisse
1236 2842 1307 2915 (λόγ.

196 2947 248 2999 γον
267 2925 357 2983 αῦτοῦ
374 2931 422 2984 καὶ
438 2931 607 2998 τῆςσοφίας
623 2927 735 2998 ἐποίησε
770 2925 949 2997 προφορικῦν
980 2945 1001 2982 o.
1026 2928 1082 2996 22).
1128 2931 1218 2984 Ariani
1245 2946 1307 2983 sero

196 3012 232 3068 τῦ
255 3012 364 3069 πάντα·
391 3015 430 3084 τῷ
456 3011 509 3082 poto
536 3014 607 3083 λόγῳ
687 3012 735 3068 καὶ
770 3029 819 3067 non
839 3030 916 3066 unum
935 3018 1078 3081 posueruut
1096 3014 1205 3067 Verbum
1224 3015 1307 3068 idem·

196 3101 236 3170 τρῖ
254 3097 393 3168 πνιῦματι
414 3104 471 3153 uri.
505 3099 569 3153 indo
595 3100 676 3151 iocum
700 3099 733 3150 ita
770 3115 818 3167 que
844 3098 911 3166 quoii
936 3100 1052 3152 intimum
1076 3104 1147 3153 osset
1170 3104 1197 3152 et
1220 3101 1306 3167 proia-

192 3171 389 3255 onpiiouerunt‚
415 3190 444 3238 nt
460 3185 523 3237 deus
542 3183 640 3236 dicatur
658 3183 734 3250 logon
769 3188 833 3248 tum,
851 3183 896 3236 seo
915 3183 1057 3235 docuerunt
1074 3198 1121 3251 pur
1139 3185 1249 3237 Verbum
1265 3187 1307 3238 in-

195 3286 256 3323 una
284 3287 354 3325 eum
380 3272 471 3338 spiritu
496 3274 584 3322 saneto
603 3269 732 3334 genuisse.
767 3270 848 3321 terius
868 3269 1070 3336 sapientiamque
1093 3269 1135 3321 dei
1160 3275 1306 3324 oreutume

194 3355 372 3409 Provooarunt
396 3358 502 3423 insuper
525 3354 556 3407 ad
574 3353 616 3405 iih.
637 3353 657 3405 Ι.
677 3369 698 3405 o.
716 3354 732 3406 3
768 3354 847 3406 nihilo
866 3368 923 3406 esse
943 3354 1052 3406 Verbum
1075 3354 1142 3406 atiud
1162 3361 1211 3422 quo
1231 3371 1307 3409 mun-

194 3440 238 3493 ubi
258 3441 413 3508 Theophilus
437 3440 532 3494 diserto
553 3442 603 3492 ait:
627 3440 732 3505 σοφίαν
767 3439 814 3492 (ius
833 3438 1002 3500 condentum
1029 3439 1133 3492 Nicaeni
1158 3442 1306 3506 generatio-

195 3518 245 3578 ἐὰν
262 3523 346 3587 εἴπω,
366 3524 527 3592 γέννημα
545 3520 635 3579 αῦτοῦ
653 3522 730 3590 λέγω.
768 3539 825 3576 nem
843 3528 1002 3591 agnoverunt
1017 3539 1068 3576 non
1083 3526 1204 3578 creationi
1219 3527 1305 3581 mundi

194 3609 233 3663 ci.
260 3609 414 3663 Minoeher:
444 3611 548 3665 Huudh.
577 3613 601 3663 u.
629 3612 732 3665 cinisii.
767 3610 881 3678 proxime
900 3609 1095 3662 antecedentem
1108 3610 1152 3662 seui
1166 3615 1304 3664 aeternam.

193 3694 404 3761 Dopmeopoooii.
433 3696 472 3748 ed.
491 3695 515 3747 2.
540 3697 569 3749 T.
587 3699 608 3749 Ι.
627 3711 651 3764 p.
671 3695 731 3763 436,
767 3695 855 3760 Comp.
884 3695 971 3746 lustin.
997 3695 1071 3761 Apol.
1091 3695 1123 3746 ii.
1148 3711 1169 3747 o.
1188 3695 1213 3747 6.
1234 3712 1260 3748 n.
1279 3696 1304 3762 4,

192 3777 307 3832 Kuhnis:
334 3777 386 3829 Dio
406 3778 494 3831 Lehue
511 3796 536 3831 ν.
557 3782 619 3834 iieit.
641 3781 731 3833 (ἰοῦσιν
767 3779 864 3832 Tatian.
883 3779 955 3831 Orat.
974 3795 997 3831 o.
1015 3779 1041 3833 ῦ.
1061 3778 1201 3846 u.1sqq.‚
1220 3781 1305 3832 Athe·

192 3864 223 3917 Ρ.
235 3863 256 3916 i.
271 3877 296 3930 p.
306 3858 365 3926 246,
382 3862 515 3915 Neander:
538 3863 730 3931 Ciuistt.Dop-
766 3877 854 3928 nagor.
875 3862 964 3929 Suppi.
984 3879 1005 3915 ο.
1018 3862 1060 3914 10.
1078 3877 1102 3914 ο.
1116 3862 1143 3929 8,
1162 3863 1305 3930 Baumgar·

193 3948 342 4014 marnasco.
361 3945 418 3999 1².1
437 3945 511 4012 (Bor.
523 3946 609 4014 1857)
622 3963 649 4016 p.
665 3946 730 4000 182:
766 3944 932 4008 ten-Tausius
953 3947 1043 4016 Gomp.
1061 3949 1087 4000 d.
1106 3949 1209 4002 nituisti.
1228 3950 1304 4017 Dep-

192 4031 365 4101 „Theophilus
383 4046 405 4081 v.
426 4029 488 4082 Ani.
513 4036 600 4085 trenut
619 4031 730 4085 ‹teutiieh
765 4033 910 4099 msupooot.
929 4032 959 4085 P.
975 4033 1011 4084 Π.
1029 4046 1055 4102 p.
1071 4031 1121 4086 149
1135 4049 1173 4102 sq.
1229 4073 1233 4078 .

192 4115 242 4169 oen
260 4116 371 4185 heiligon
390 4115 466 4171 Geist
488 4116 525 4169 ais
543 4117 729 4183 aeitstindigos
834 4116 859 4170 T·
887 4110 972 4187 ἀργή]
997 4117 1035 4173 Es
1060 4133 1112 4172 vox
1135 4120 1239 4174 minime
1263 4122 1305 4174 hie

192 4200 287 4263 wesen
301 4218 359 4255 vom
373 4201 476 4270 ῑοροες
549 4201 600 4256 und
614 4201 729 4266 ιιριῦα-
764 4200 890 4267 significat
914 4203 1054 4280 Auieng
1079 4203 1184 4270 (Hosio.
1213 4209 1240 4258 ot
1263 4205 1305 4258 in·
