2836 4852
465 265 525 328 Mi
545 264 790 329 annoticum
813 268 891 331 LIB.
913 267 967 330 111.
1208 264 1272 334 205

161 437 324 514 probaret.
361 435 441 505 Quid
460 453 563 498 nonne
585 439 678 498 etiam
700 437 816 499 Critias
838 439 872 497 et
886 433 1271 514 Protagoraa‘hhderites

162 546 290 605 dicens:
331 545 369 605 si
392 547 469 606 enim
489 553 558 607 sunt
578 546 641 615 dii,
673 567 734 606 aure
752 565 876 627 possam
900 545 940 606 de
960 547 998 606 iis
1027 545 1189 616 disserere,
1218 567 1273 609 nec

163 653 266 734 quales
287 655 348 714 siut
367 653 592 735 demonstrem
615 655 711 717 multu
732 657 811 717 enim
832 661 901 716 ssent
924 673 1001 735 qaue
1021 676 1068 717 me
1086 657 1273 737 prohiberet?

162 755 248 832 Quae
280 758 364 822 enim‘
389 765 428 822 ab
458 763 650 825 Euhemero·
666 782 803 826 summae
833 765 1004 841 impietatis
1033 762 1156 825 homine
1187 767 1271 826 dicta

161 875 233 932 sunt
255 889 522 948 supervacaneum
549 877 600 933 est
627 890 900 934 commemorare..
922 873 953 933 Is
977 875 1074 950 enim,
1105 879 1270 952 postquam

161 982 257 1041 multa
281 983 321 1040 de
351 982 411 1040 diis
437 984 599 1044 disserere
627 997 723 1044 ausus
753 986 818 1059 est,
850 985 1011 1059 postremo
1042 985 1119 1045 deus
1148 984 1271 1044 omnino

161 1107 221 1150 non
245 1108 316 1150 esse
340 1091 397 1150 sed
420 1090 552 1151 fortuito
577 1095 677 1152 amni-a
700 1093 871 1170 gabernari
893 1093 1062 1153 contendit.
1096 1094 1189 1152 Plato
1213 1109 1272 1152 au·

161 1202 234 1275 tem,
257 1201 309 1274 qui
332 1203 393 1258 tam
418 1201 513 1259 multa
535 1203 575 1261 de
597 1203 777 1262 monarchia
798 1202 850 1262 dei
871 1202 1045 1278 disputavit
1059 1218 1095 1260 ac
1112 1202 1152 1261 de
1169 1202 1270 1260 anima

160 1307 309 1385 humana,
337 1310 542 1370 immortalem
572 1328 644 1370 esse
675 1314 817 1375 statuens
846 1312 995 1385 animam,
1029 1326 1131 1368 nunna
1156 1312 1269 1385 postea

160 1435 265 1478 seeum
294 1421 364 1495 ipse
392 1435 534 1495 pugnare
566 1419 830 1495 deprehenditur,
864 1419 935 1477 dum
964 1418 1041 1476 dicit
1069 1419 1270 1492 quarumdam

160 1529 278 1586 animas
301 1528 333 1584 in
356 1526 436 1588 alios
457 1525 599 1586 hemines
619 1529 772 1603 transire,
800 1526 1001 1602 quorumdam
1020 1528 1124 1586 antem
1147 1526 1177 1584 in
1203 1526 1272 1584 ani·

161 1632 252 1694 melia
274 1634 407 1693 rationis
430 1634 575 1709 expertia
596 1621 760 1711 migraret
784 1635 895 1694 Annon
916 1635 1074 1693 horrenda
1096 1637 1129 1695 et
1149 1634 1271 1694 nefaria

161 1743 229 1802 eius
260 1744 415 1802 sententia
444 1744 522 1802 viris
550 1745 757 1820 prudentibus
789 1745 965 1819 videbitur,
995 1745 1030 1803 ut
1058 1743 1086 1802 is
1116 1745 1169 1819 qui
1197 1745 1271 1803 clim

160 1850 254 1910 homo
276 1850 374 1909 fuerit
395 1869 506 1912 rursus
528 1853 582 1911 dat
605 1853 699 1929 lupus
723 1855 777 1912 aut
797 1854 881 1912 canis
905 1855 960 1913 aut
982 1853 1088 1911 asinus
1112 1855 1165 1912 aut
1185 1854 1272 1913 alind

162 1961 319 2037 quidpiam
343 1961 458 2019 animal
480 1962 612 2020 rationis
631 1963 775 2038 expensi
811 1961 1050 2022 Huiciccnscna
1073 1959 1271 2038 Pythagoras

160 2085 284 2146 quoque
306 2071 441 2145 nugatus
465 2087 536 2128 esse
560 2068 816 2148 deprehenditur,
840 2073 1061 2146 praeterquam
1077 2072 1160 2147 qued
1176 2071 1269 2129 etiam

159 2177 388 2255 providentiam
415 2180 553 2239 sustulit.
599 2177 656 2239 cni
686 2179 781 2257 igitur
813 2195 919 2240 eorum
950 2179 1132 2240 credemus:
1162 2177 1271 2242 Phile·

159 2289 242 2348 moni
264 2289 401 2368 comico,
424 2264 555 2349 dicenti:
1253 2272 1257 2281 ’

250 2397 347 2457 Deum
372 2399 449 2456 enim
473 2395 640 2457 colentibus
662 2416 731 2476 spes
751 2396 917 2477 praeclara

249 2507 398 2585 Suppetit
421 2504 626 2575 adsalutem,

160 2590 259 2678 auiis
282 2632 361 2692 quos
393 2618 484 2675 antea
513 2614 646 2695 diximus
669 2613 847 2674 Euhemero
877 2618 909 2674 ct
930 2615 1068 2693 Epicuro
1092 2616 1125 2673 et
1147 2606 1271 2691 Pytha-

160 2743 259 2804 gorae
281 2725 480 2800 eaeterisque
503 2725 593 2784 deum
617 2725 781 2784 colendum
804 2740 877 2783 esse
898 2723 1084 2804 negantibus
1107 2725 1140 2783 et
1160 2723 1271 2800 pruvi-

160 2836 297 2896 dcntiam
321 2833 531 2893 tollentibus?
562 2833 608 2893 Ac
630 2834 669 2893 de
690 2834 750 2893 dec
773 2833 897 2909 quidem
921 2835 953 2892 et
974 2833 1174 2909 previdentia
1187 2832 1271 2892 'Ari-

159 2926 211 3005 st‘c
233 2944 356 3004 locutus
381 2944 449 3003 cst:

228 3156 254 3208 8.
273 3153 434 3224 Εὐημέρου]
452 3155 553 3209 >Aeneis
572 3169 628 3206 cum
648 3147 698 3221 (ui-
801 3154 844 3207 11.
873 3149 925 3216 scis
952 3150 1004 3224 pie
1028 3153 1097 3224 ath]
1132 3155 1172 3208 cf.
1202 3154 1277 3209 Pht:

160 3244 231 3296 dece
249 3243 466 3307 cognominatum)
485 3244 606 3295 recenset
623 3240 698 3293 etiam
734 3238 843 3293 Phaedr.
862 3255 888 3306 p.
904 3239 958 3294 248
974 3242 1004 3294 0.
1024 3239 1064 3292 ed
1076 3240 1166 3307 Steph.

161 3328 257 3382 Sextus
274 3327 349 3395 Emp.
370 3327 387 3378 Ι.
405 3341 426 3377 c.
448 3326 465 3379 i.
484 3327 525 3378 lX.
545 3342 581 3378 ce.
598 3324 639 3377 17.
653 3325 697 3377 61.
802 3324 844 3378 12.
871 3325 978 3380 01...
997 3326 1147 3394 σωτηρίαν]
1176 3326 1271 3378 Verane

161 3412 196 3466 31
206 3428 263 3480 sqq.
289 3412 384 3464 Confer
399 3415 472 3463 netas
485 3409 594 3462 Fabricii
608 3425 633 3478 p.
647 3408 699 3462 552
733 3411 780 3463 hus
799 3410 956 3463 Philemonis
978 3412 1052 3463 affert
1068 3411 1226 3477 Epiphanius
1244 3410 1270 3462 in

160 3501 188 3552 ec
202 3498 272 3550 Sam.
292 3497 403 3548 Pettium
419 3494 527 3547 miscell.
543 3494 561 3546 Ι.
574 3495 618 3548 lv.
635 3508 657 3546 e.
672 3493 698 3545 ὅ.
735 3493 864 3547 Ancurstc
883 3511 905 3547 c.
921 3493 982 3560 100,
1000 3495 1042 3547 uhi
1061 3495 1182 3548 Peterius
1201 3497 1270 3547 recte

164 3582 281 3650 Wctfias.
299 3609 334 3620 ·-
358 3581 415 3633 Par.
435 3575 607 3634 ideerciiuu.
735 3593 767 3636 ex
784 3582 873 3631 nostru
899 3583 1019 3643 corrupta
1043 3579 1120 3643 uerba
1145 3577 1270 3631 eurendat.

213 3653 256 3721 Ι9.
275 3662 386 3733 effisos]
405 3664 479 3717 nuti.
498 3660 527 3729 ἐξ
546 3657 625 3718 ὅλου.
658 3663 698 3717 ci.
736 3663 855 3730 Wolfins.
886 3664 1009 3716 Fortasse
1029 3662 1125 3733 spuriis
1144 3663 1211 3715 hacc
1224 3679 1271 3716 an-

160 3767 187 3805 n.
205 3750 247 3804 20.
303 3802 305 3805 ,
733 3747 888 3800 numeranda
912 3752 981 3800 sunt.
1022 3747 1075 3800 Cir.
1098 3747 1159 3802 edit.
1182 3749 1270 3801 maiar.

227 3835 270 3890 10.
304 3831 435 3902 Πλάτων]
469 3834 549 3890 Cudd.
579 3835 639 3888 mati
672 3837 699 3886 et
732 3832 885 3885 Meinehius
912 3833 1040 3898 Frcgmm.
1069 3834 1157 3886 eemie.
1185 3847 1270 3898 grues.

160 3921 242 3976 Gaea.
269 3921 333 3974 Duc.
361 3923 429 3976 hier.
457 3915 573 3974 πάντων
600 3919 697 3986 legunt.
733 3918 789 3970 Vel.
806 3917 850 3968 IV.
868 3932 892 3984 p.
909 3915 952 3972 60.
970 3945 1004 3957 -
1024 3917 1109 3971 Antea
1127 3913 1269 3984 deiicere

159 4004 280 4061 mendum
304 4007 401 4077 primns
427 4005 489 4058 vidit
506 4005 612 4071 delium
636 4003 698 4058 vidit
732 4004 795 4057 Van.
810 4002 885 4056 Bedt.
901 4003 1008 4070 (Pani)
1026 4003 1107 4056 Gasn.
1121 4004 1187 4054 hicr.
1201 4000 1269 4055 Feli.

160 4093 188 4144 st
213 4091 373 4150 cotelerius:
406 4091 545 4145 Menumm.
571 4088 633 4143 ecel.
656 4103 696 4156 gr.
782 4085 1268 4159 ἢ111110οο0000]1001111100911.

160 4175 296 4233 humili.
315 4189 340 4244 p.
354 4174 413 4230 078.
732 4176 759 4227 et
783 4172 848 4228 ider.
873 4189 929 4229 eum
953 4174 1072 4229 Fabricio
1097 4176 1206 4226 esseut
1228 4172 1267 4227 ts-
