2836 4852
283 243 661 309 oomnuNnAnlonolt
681 241 986 307 trauvaticum
1007 244 1084 308 LIB.
1104 248 1127 308 1.
1195 245 1262 314 28⁷

151 417 266 479 llessis
285 418 318 479 iu
340 419 391 479 est
412 417 564 495 populus,
587 418 726 495 operarii
747 418 849 479 autem
871 417 965 493 pauci
985 416 1017 476 iil
1040 419 1090 478 est
1112 419 1261 482 doctores

153 528 320 589 ecclesiae.

210 674 217 681 -
238 632 268 671 ⁶¹
280 637 363 696 Ecce
384 656 442 715 eqo
462 638 553 696 mitto
571 654 625 695 cos
644 636 722 695 sient
745 655 811 696 oceo
832 636 865 695 in
884 633 987 694 medio
1008 632 1157 713 lnporum.
1194 636 1261 698 Lo·

152 762 212 823 pos
235 748 474 822 persecutores,
500 746 701 806 oves-autem
724 743 921 803 Christianos
944 745 997 803 ait.
1042 741 1145 805 Asiati
1165 752 1262 808 estote

152 857 233 915 meet
262 861 425 933 serpentes.
477 853 511 911 ln
539 854 729 912 necessitate
764 853 879 913 mortis
905 854 1000 928 caput
1028 871 1116 914 suum
1146 856 1261 934 celent,

153 980 268 1040 corpus
291 966 394 1023 autem
417 979 505 1029 suum
529 963 616 1022 velut
637 963 736 1021 minus
757 963 967 1020 necessarium
991 964 1154 1040 negligunt
1171 966 1262 1026 caeli

154 1076 365 1149 exponentes3
394 1072 437 1129 ita
468 1074 499 1128 et
521 1088 578 1131 nos
602 1075 695 1148 caput
715 1074 854 1151 nostrum
877 1070 1107 1147 facultatesque
1134 1075 1263 1134 nostras

153 1183 347 1242 obiiciamus
382 1178 547 1257 Simplices
568 1182 647 1242 sicnt
670 1179 834 1241 colarmloe.
872 1179 1021 1241 Columba
1043 1182 1177 1241 ecclesia
1202 1185 1263 1243 est.

153 1286 184 1345 ⁶2.
198 1290 272 1351 Cum
292 1299 390 1349 cotem
412 1299 633 1369 persequentem
649 1291 746 1349 cosin
763 1286 821 1347 hoc
836 1289 969 1356 civitate,
991 1291 1094 1368 fayite
1110 1291 1143 1349 in
1159 1288 1262 1352 olium.

153 1400 220 1461 Hoc
241 1399 396 1476 apostolis
418 1399 479 1457 ait:
502 1416 569 1457 cum
587 1414 645 1456 vos
662 1398 692 1455 in
709 1397 767 1455 hac
788 1397 1033 1471 congregatione
1050 1398 1173 1458 iudaice
1191 1399 1263 1459 fue-

153 1512 216 1568 rint
238 1507 412 1585 persecuti,
443 1505 627 1582 fugientium
649 1521 734 1564 more
755 1504 904 1563 celeriter
925 1505 969 1562 ite
992 1506 1032 1564 ad
1053 1509 1181 1583 gentes,
1202 1508 1265 1569 lroo

155 1620 207 1677 est
224 1633 382 1694 paganos,
406 1618 456 1693 et,
485 1616 511 1675 si
537 1615 619 1691 apud
644 1630 701 1672 eos
723 1614 973 1689 persecutionem
993 1617 1189 1690 praedicatio
1211 1619 1265 1679 (li-s

155 1728 226 1784 vina
256 1724 441 1801 pertulerit,
470 1725 663 1799 migrandum
694 1726 743 1781 cst
770 1739 880 1782 rursus
910 1726 1012 1782 mente
1034 1741 1096 1782 non
1118 1742 1264 1805 corpore,

121 1817 124 1821 ⁴
154 1837 193 1895 ad
227 1835 301 1892 illos
329 1833 449 1892 scilicet
482 1833 534 1907 qui
568 1835 712 1890 errantes
741 1833 823 1890 viam
854 1833 999 1892 veritatis
1028 1833 1194 1911 affectant,
1222 1835 1265 1896 de

155 1944 268 2020 quibus
291 1942 368 2000 dicit
388 1941 493 2012 lesus:
527 1936 556 1974 ⁶³
569 1941 629 2016 „Et
650 1941 731 2001 alias
754 1956 831 1999 oves
854 1940 973 2018 habeo,
1003 1959 1084 2017 quae
1109 1959 1170 2002 non
1192 1946 1264 2004 sunt

155 2071 196 2113 ex
217 2053 278 2112 hoc
299 2051 394 2127 ovili,
417 2053 450 2110 et
473 2051 545 2110 illas
569 2054 697 2126 oportet
715 2067 764 2109 me
787 2051 953 2116 adducere,
978 2055 1009 2110 et
1035 2067 1142 2111 vocem
1165 2069 1264 2115 meam

155 2162 299 2235 audient,
328 2162 362 2224 et
382 2160 437 2218 liet
459 2177 549 2221 ouum
573 2161 659 2219 ovile
686 2162 719 2218 et
740 2175 819 2218 unus
842 2160 983 2234 pastor.“
1027 2155 1058 2194 ⁶4
1072 2161 1165 2231 Quod
1189 2162 1266 2224 dico

155 2271 238 2333 cobis
266 2271 299 2328 in
315 2269 457 2329 >teneura
489 2268 586 2328 dicite
614 2271 646 2328 in
679 2267 798 2328 lumine.
851 2270 1010 2329 Tenebras
1039 2288 1099 2347 pro
1128 2272 1266 2347 ludaeis,

75 2352 78 2363 Ι
154 2380 257 2439 lumen
281 2381 383 2441 autem
404 2393 462 2453 pro
479 2375 666 2435 Christianis
687 2377 742 2454 ait,
767 2379 802 2436 ot
822 2377 898 2435 dicit
918 2380 1099 2453 apostolus:
1122 2375 1266 2460 ⁶¹⁸„Era-

155 2491 197 2549 tis
221 2487 390 2563 aliquando
412 2487 581 2561 tenebrae,
614 2502 692 2544 nuno
714 2489 817 2550 autem
841 2485 896 2544 lux
917 2487 947 2544 in
972 2487 1110 2563 domino,
1133 2505 1210 2565 ergo
1231 2492 1269 2550 ut.

155 2599 212 2659 filii
244 2597 324 2658 lucis
354 2593 541 2655 ambulate.“
588 2593 636 2654 ⁴Et
667 2593 748 2673 qnod
777 2596 809 2653 in
837 2612 909 2652 orme
938 2594 1055 2654 creditis
1080 2596 1268 2674 proedicote

156 2727 246 2786 srrper
269 2713 361 2766 tecto.
405 2703 522 2763 Aurem
543 2704 692 2779 populum
715 2703 760 2762 ait
782 2704 914 2778 propter
937 2704 1092 2780 auditum,
1114 2706 1161 2767 sic
1183 2707 1266 2767 oculi

155 2817 317 2895 principes
340 2813 572 2890 intelliguntur,
603 2829 642 2872 co
665 2813 749 2887 quod
772 2815 918 2873 caeteros
941 2813 1116 2873 illuminent
1135 2817 1266 2892 praedi-

156 2926 280 2985 catione
302 2923 424 2995 divina;
446 2924 530 2980 tecta
554 2925 656 2981 autem
678 2922 832 2998 promissa
856 2922 961 2979 divina
980 2922 1052 2980 ideo
1076 2923 1172 2998 dixit,
1194 2922 1266 2998 quia

157 3033 324 3092 credentes
350 3032 508 3091 removeri
538 3031 699 3093 trabebant
722 3049 741 3091 a
764 3031 1006 3091 conversatione
1029 3033 1157 3091 terrena
1180 3033 1212 3089 et
1234 3032 1266 3090 in

156 3147 208 3202 via
231 3141 382 3203 coelestis
410 3142 595 3218 disciplinae
624 3142 783 3201 constitui.
815 3139 904 3199 ‘Sive
934 3142 984 3198 est
1005 3156 1134 3199 sensust
1164 3141 1273 3200 omnia-

156 3265 408 3326 quaecumquoa
427 3267 478 3309 me
501 3251 617 3311 auditis
640 3251 759 3327 populo
788 3250 913 3326 publice
943 3267 980 3310 ac
1003 3248 1100 3310 veluti
1126 3251 1274 3311 inedito.

158 3360 373 3436 praedicate.
392 3353 421 3392 ⁶⁶
435 3359 544 3419 Nonne
575 3359 637 3420 dam
665 3378 804 3436 parceres
832 3377 897 3418 osse
925 3360 1074 3420 veneunt?
1117 3359 1266 3436 Spiritum

157 3470 350 3543 animamque
373 3467 537 3544 significat,
561 3472 595 3527 ut
616 3470 847 3544 scriptumest:
869 3464 898 3501 ⁶²
910 3469 1040 3544 „Anima
1059 3473 1169 3530 nostra
1186 3470 1267 3529 sicut

156 3593 280 3655 passer
298 3579 409 3652 crepta
439 3578 489 3637 es't
515 3579 554 3639 de
575 3579 691 3652 laqueo
718 3577 925 3636 venantium.“
969 3577 1060 3636 Assis
1082 3580 1185 3636 autem
1207 3578 1266 3637 ‹le-

157 3687 263 3745 uarius
288 3685 363 3744 fidei
388 3687 453 3761 est,
477 3687 517 3745 ad
540 3695 629 3762 quam
653 3685 816 3761 religionis
838 3686 944 3744 studio
969 3684 1179 3758 convenimus.
1222 3685 1267 3745 Et

226 3901 268 3956 61.
286 3903 354 3956 Ecce
374 3903 434 3970 etc]
454 3903 544 3955 lllellh.
565 3902 607 3968 16,
627 3901 668 3954 16.
798 3901 838 3954 65.
850 3903 936 3955 Eratis
984 3903 1120 3971 ambulate]
1132 3902 1265 3969 661168.

227 3987 270 4042 62.
293 3987 358 4039 ilum
377 3985 440 4055 etc]
459 3987 550 4040 ltattu.
570 3986 611 4055 16,
630 3987 673 4039 23.
797 3986 839 4040 66.
857 3988 952 4041 Nonne
970 3990 1030 4058 etc]
1050 3989 1140 4040 Metto.
1160 3985 1202 4048 16,
1220 3985 1264 4039 29.

227 4071 270 4125 63.
286 4073 320 4126 llt
386 4072 483 4140 pastor]
499 4074 586 4127 lornn.
600 4074 640 4139 ro,
652 4073 693 4126 16.
797 4069 839 4123 67.
859 4074 949 4126 Anima
967 4111 976 4126 .
991 4111 1018 4125 ..
1039 4069 1195 4136 venantium]
1220 4069 1264 4124 Ps.

226 4157 269 4211 64.
290 4156 442 4225 Quaedam]
462 4157 612 4226 clarinto,
632 4157 689 4212 27.1
729 4158 790 4225 123,
808 4158 832 4210 7.
920 4170 923 4177 ’
974 4159 976 4162 ’
