2836 4852
425 259 483 323 AD
504 254 749 326 eanonicus!
772 259 853 326 HR.
869 257 916 325 ll.-
1181 256 1227 328 8⁷

112 433 159 494 uel
180 431 433 497 illiminationem
462 435 495 493 in
523 437 718 515 firmamenta
741 430 821 495 caeli
845 443 879 495 ut
906 432 1029 495 luceam
1049 426 1141 512 cuper
1166 441 1224 496 ter·

113 563 191 603 ram.
222 542 266 602 Et
285 543 405 621 sactum
428 550 475 604 est
493 544 549 604 ita.
581 543 627 605 Et
644 545 725 623 feeit
743 543 818 604 deus
837 539 900 604 dua
914 543 1081 604 luminaria
1101 533 1224 624 mayn,

114 651 262 713 luminare
289 671 431 731 magnum
464 660 497 712 ut
524 652 789 731 praeessetcliei‚
824 661 855 714 et
883 651 1030 714 luminare
1063 653 1159 713 minus
1190 661 1226 714 stt

110 767 268 841 praeesset
289 762 393 830 necti,
422 768 454 821 et
474 761 594 833 stellam
625 763 780 840 elpererii
801 760 858 821 illu
884 761 959 823 deus
979 763 1012 820 iu
1033 752 1227 841 firmamenta

113 870 209 939 caeli,
241 878 276 932 ut
298 869 420 932 luceant
442 879 681 952 superterram,
711 879 741 932 et
759 873 900 951 presserint
922 871 988 930 diei
1009 880 1039 930 et
1060 874 1164 941 nacti,
1195 880 1227 931 et

114 979 260 1042 dividunt
289 981 370 1040 inter
399 978 494 1041 lucem
523 988 553 1040 et
578 983 659 1042 iuter
687 982 834 1042 tenebras.
879 980 922 1041 lit
942 980 1024 1042 uidit
1047 980 1120 1042 deus
1141 979 1227 1062 quael

115 1098 192 1150 esset
219 1089 341 1150 bonum,
390 1089 430 1149 Et
458 1091 524 1168 suit
551 1109 676 1169 uespera
706 1099 736 1152 et
764 1092 829 1170 suit
858 1109 962 1159 mane,
994 1089 1060 1151 dies
1089 1099 1225 1171 quartus.

115 1198 159 1258 Et
188 1197 272 1258 dixit
306 1197 396 1259 deus:
435 1198 618 1261 Producant
647 1219 746 1280 aquae
773 1199 901 1280 reptilia
926 1200 1094 1260 animarum
1125 1200 1225 1259 nivern·

114 1308 210 1376 dam,
242 1314 274 1368 et
305 1326 373 1367 aves
405 1307 542 1369 ualentes
569 1328 661 1388 super
689 1319 801 1370 terram
831 1309 884 1370 sul
913 1310 1105 1388 firmamenta
1134 1305 1223 1376 caeli,

113 1415 304 1495 Et1=suclum
334 1423 379 1476 est
407 1418 464 1477 ita.
510 1415 554 1478 Et
579 1418 660 1498 fecit
690 1417 763 1479 deus
792 1427 857 1480 cete
883 1417 1032 1498 prandia
1049 1423 1080 1477 et
1110 1432 1226 1475 emmas

112 1527 253 1586 animam
269 1523 447 1584 animaliter
468 1525 642 1605 reptilium,
667 1544 744 1607 quae
763 1525 980 1606 producerent
1002 1542 1101 1605 aqssae
1123 1538 1225 1584 secun-

114 1634 304 1712 deanpeuus
324 1653 425 1702 suum,
456 1641 623 1695 alumnum
644 1612 728 1696 caera
747 1643 914 1714 permatam
936 1634 1098 1697 secundum
1120 1652 1224 1713 penus·

110 1743 165 1804 Es·
178 1740 260 1802 uidit
283 1742 357 1803 deus
386 1742 472 1823 quael
496 1753 591 1803 esseest
620 1745 709 1806 lana.
754 1743 797 1806 Et
825 1745 984 1806 benedixit
1009 1746 1050 1805 iis
1076 1733 1225 1806 desse-cll·

116 1873 205 1915 censs
237 1850 371 1912 Crescite
392 1858 423 1911 et
445 1851 711 1930 multiplicamini,
741 1861 771 1913 et
798 1853 914 1932 replete
938 1874 1035 1935 aquas
1056 1854 1176 1930 maris,
1195 1859 1227 1914 et

116 1982 186 2025 aces
208 1959 450 2040 multiplicentur
476 1963 510 2021 ia
532 1969 624 2023 terra.
667 1963 711 2023 Et
736 1963 800 2042 fuit
827 1981 952 2042 vespera
981 1971 1012 2025 et
1036 1965 1102 2043 suit
1128 1979 1225 2031 merse,

117 2071 184 2134 dies
214 2072 347 2152 quintus.
401 2071 445 2131 Et
475 2070 561 2132 dicit
591 2071 683 2134 deus:
718 2071 883 2133 Producat
913 2065 995 2134 terra
1021 2075 1153 2134 enimam
1181 2072 1226 2132 ai·

117 2189 232 2242 ventem
260 2179 425 2242 seeundum
453 2200 564 2261 penus,
600 2181 815 2262 quadrupedes
843 2192 873 2244 et
901 2182 1028 2262 reptilia
1057 2191 1087 2244 et
1116 2170 1227 2244 bestiae

117 2299 216 2353 terrae
242 2287 405 2350 secuudum
423 2311 540 2370 *perirem
585 2290 627 2350 Et
656 2292 778 2370 saelum
807 2298 852 2351 est
880 2294 935 2352 ita.
981 2293 1024 2353 Er
1051 2294 1132 2372 fecit
1151 2289 1226 2351 urus

116 2401 227 2463 bestias
249 2407 348 2460 terrae
374 2398 535 2459 secuudum
563 2419 673 2479 persus,
706 2405 736 2457 u
756 2400 918 2460 iumentum
939 2401 1100 2461 secuudum
1122 2418 1225 2480 penus,

117 2519 147 2572 el
170 2511 272 2570 amnia
300 2506 428 2587 reptilia
451 2515 559 2569 terrae.
605 2507 648 2566 Et
676 2505 757 2569 vidit
785 2507 859 2568 deus
886 2509 971 2589 qrrad
1005 2517 1080 2569 esset
1108 2509 1227 2569 bonum.

116 2620 164 2681 Er·
193 2619 279 2680 diuis
314 2617 407 2678 dcuss
439 2616 607 2676 ¹Faciamus
627 2615 789 2675 hominem
821 2617 866 2675 ad
899 2617 1061 2695 imapiuem
1092 2624 1227 2676 nestram

118 2739 149 2792 et
169 2729 215 2790 ad
242 2727 490 2802 similitudinem,
518 2734 547 2787 et
576 2726 724 2804 imperent
751 2726 884 2804 piscibus
913 2727 1006 2787 maris
1033 2733 1063 2786 et
1093 2720 1228 2785 volatili·

117 2841 171 2902 bus
203 2837 283 2899 caeli
308 2845 338 2898 et
369 2837 509 2896 iumentis
542 2842 573 2895 et
604 2837 687 2895 omni
715 2843 814 2897 terrae
843 2842 874 2895 et
904 2835 1039 2897 omnibus
1067 2821 1228 2912 reptilibus

118 2968 196 3030 quae
218 2955 329 3028 repunt
350 2965 442 3025 supm
464 2953 585 3006 terram.
629 2945 672 3005 Et
693 2946 772 3023 feeit
796 2943 869 3005 deris
890 2944 1056 3013 hominem,
1089 2942 1133 3002 acl
1153 2943 1227 3001 ima·

95 3060 220 3140 ‘pinam
247 3056 299 3116 dei
327 3056 407 3134 feeit
432 3074 515 3122 eum,
546 3053 707 3114 masculum
737 3061 767 3114 et
793 3057 940 3133 seminam
968 3054 1046 3133 fecit
1072 3071 1133 3112 eas.
1184 3046 1228 3108 Et

119 3165 278 3229 benedicit
302 3165 340 3225 iis
363 3164 436 3224 deus
461 3163 586 3225 dicens.-
623 3161 757 3224 Crescite
780 3170 810 3223 et
831 3161 1099 3244 multiplicamini,
1129 3166 1160 3219 et
1180 3176 1228 3218 re-

116 3275 202 3356 plete
224 3282 355 3344 terram,
385 3281 416 3334 et
437 3275 574 3335 urliicite
594 3293 677 3340 eam,
707 3281 736 3332 et
758 3272 960 3332 declinemini
978 3270 1115 3350 pisellus
1136 3269 1234 3328 maris¹

119 3390 149 3444 et
174 3380 351 3466 'volatilibus
383 3382 463 3444 coeli
495 3392 524 3445 et
554 3381 689 3443 amnibus
718 3383 858 3443 iumentis
891 3389 920 3441 et
953 3381 1036 3440 omni
1067 3383 1166 3438 terrae
1199 3382 1230 3435 et

131 3639 133 3645 .
189 3596 231 3649 15.
262 3592 320 3648 Καὶ
347 3589 414 3661 inin.
442 3591 556 3663 ἑσπέρα]
589 3595 659 3647 Hau
693 3594 764 3646 mulli
782 3593 839 3645 rain
858 3589 881 3643 o'
907 3590 977 3642 codd.
1016 3592 1052 3642 As
1068 3578 1132 3642 Fen
1153 3586 1227 3640 Wolf.

122 3681 198 3735 verbe
214 3682 241 3733 in
260 3682 321 3733 len.
340 3681 430 3732 iterate
449 3685 518 3733 s'unt.
694 3677 818 3744 Hurnphr.
852 3679 906 3728 viee
935 3676 984 3742 τῆς
1008 3674 1058 3742 γῆς
1088 3677 1229 3742 posuerant

190 3767 233 3818 15.
263 3763 336 3818 cusai
362 3763 453 3834 γένος]
489 3766 554 3818 een.
582 3764 659 3816 Wali.
694 3759 767 3814 uesci
791 3761 879 3829 γένος.
916 3761 990 3826 Vulg.
1016 3759 1082 3812 Bibl.
1108 3759 1159 3828 τῆς
1177 3759 1229 3828 γῆς

122 3853 248 3920 Hamphr.
269 3850 363 3909 addunt
386 3845 497 3910 eisaie,
524 3865 587 3917 quae
611 3864 661 3902 vax
694 3842 768 3900 ratri
784 3846 896 3914 pluam

123 3951 175 3990 nan
193 3935 274 3988 salum
290 3950 303 3988 s
318 3935 382 3987 Vsa.
396 3939 423 3987 et
436 3932 508 3986 Badl.
527 3933 572 3986 sed
587 3933 661 3984 eliam
763 3931 806 3994 13.
825 3927 922 3997 uuila]
943 3930 1005 3982 Ven.
1023 3928 1113 3993 noem
1134 3925 1232 3995 parlier

123 4010 242 4090 emullls
267 4018 326 4072 seir
344 4017 367 4073 o'
392 4018 464 4073 cadi.
488 4019 543 4086 (ep.
563 4017 662 4086 Halm.)
698 4018 824 4083 Origenes
842 4015 934 4084 aliique
953 4018 1035 4068 testes
1053 4015 1083 4066 ab
1099 4011 1231 4065 Halmesia

124 4108 206 4161 ebert.
697 4101 802 4155 lentuli.
839 4100 892 4155 Sed
915 4098 982 4156 een.
1007 4099 1082 4152 walt.
1107 4095 1234 4165 Humphr.

195 4190 239 4244 17.
272 4190 324 4258 τῆς
349 4191 412 4260 γῆς]
445 4191 508 4245 len.
536 4187 610 4242 Ball.
638 4191 666 4241 et
699 4204 722 4243 e.
740 4188 810 4256 vulg.
827 4187 895 4242 liiii.
913 4183 1053 4240 obtrudant
1068 4177 1149 4236 nutri.
