2836 4852
409 288 494 348 sb
513 289 758 351 coroticum
782 287 918 353 uiui-n.
1190 288 1233 359 db

120 446 177 520 rae
200 475 281 534 quae
295 458 325 518 in
345 473 400 518 ees
423 459 628 535 impenditur:
653 462 817 522 Plutonem
839 463 1039 522 tenebrarum
1062 468 1233 541 regamah

121 566 298 646 Neptunum
320 584 406 627 mere
430 568 613 629 subeuntem
638 573 671 629 et
692 571 890 648 Melanippus
912 572 1228 648 complexibus'hae·

121 681 242 737 reatem
271 679 304 736 et
334 678 390 737 filii
407 677 563 737 'homines
593 680 735 738 vorantis
766 681 970 756 genitorem,
994 684 1049 740 aut
1078 683 1117 742 de
1145 682 1232 743 Iovis

120 786 194 847 tiliis
224 789 300 861 quot
329 790 362 844 et
387 791 519 863 quantas
553 789 737 864 tragoedias
768 790 943 867 scriptores
974 793 1121 867 egerint?
1165 791 1233 853 iio·

121 912 190 956 rum
212 911 312 972 genus
335 897 376 956 ab
400 898 439 956 iis
462 901 655 974 recensetur,
677 898 834 974 quianon
857 901 900 960 dii
921 902 979 960 sed
1005 898 1142 961 homiues
1166 903 1233 961 auti
1284 885 1286 889 ⁷

120 1008 203 1065 suut.
246 1005 480 1082 Aristophanes
510 1010 612 1066 autem
642 1009 809 1068 comoedus
841 1010 873 1069 iu
902 1010 1010 1070 fabula
1039 1027 1120 1086 quae
1142 1010 1231 1071 Aves

120 1114 316 1190 inscribitur,
353 1117 542 1193 aggrediens
576 1116 615 1175 de
645 1118 750 1176 mundi
783 1119 941 1179 creatione
975 1120 1152 1195 disserere,
1186 1121 1231 1179 ait

119 1225 261 1283 mundum
284 1221 372 1283 initio
396 1226 548 1303 originem
570 1240 611 1285 ex
634 1241 695 1284 ovo
717 1227 859 1303 cepisse,
883 1228 1008 1288 diceus:

272 1332 407 1394 Ρνίιαιιαι
425 1336 553 1413 pariens
572 1353 690 1414 pennas
710 1335 818 1415 uipras
839 1336 950 1397 babeas
971 1356 1064 1396 ouum.
1137 1328 1140 1339 ’

118 1440 183 1502 Sed
215 1446 247 1502 et
277 1443 412 1522 Satyrus
441 1444 550 1503 domos
580 1431 866 1505 Alexandrinorum
893 1460 1062 1520 enarrans,
1094 1445 1183 1504 initio
1212 1463 1232 1505 a

115 1550 328 1628 Philopatore
359 1553 413 1627 qui
441 1553 473 1609 et
502 1551 702 1612 Ptolemaeus
727 1552 908 1629 appellatus
939 1555 989 1613 est
1020 1555 1129 1629 ducto,
1163 1555 1231 1615 eius

117 1660 263 1721 declarat
300 1660 456 1721 Bacchum
500 1657 673 1720 auctorem
696 1659 834 1720 familiae
870 1662 985 1737 fuissem
1030 1664 1232 1738 quamohrem

119 1766 196 1830 banc
224 1771 339 1831 tribum
362 1788 380 1830 a
402 1770 739 1846 Ptolemaeoprimam
770 1769 870 1830 fuisse
894 1772 1103 1833 constitutam.
1147 1770 1231 1835 Dicit

117 1879 214 1956 igitur
236 1879 370 1956 Satyrus
394 1879 455 1938 sic:
507 1877 559 1937 Ea
578 1875 707 1938 Baccho
729 1887 757 1937 et
780 1875 913 1939 Althaea
940 1878 1058 1941 Thestii
1077 1880 1149 1961 ‘filia
1171 1900 1230 1941 aa·

118 1995 182 2048 iam
205 2007 267 2048 esse
287 1988 479 2056 Deianiram,
502 2007 542 2048 eu
564 1985 624 2046 bae
646 1995 674 2045 et
696 1986 825 2048 Hercule
845 1987 924 2049 Iouis
944 1988 1014 2068 filio
1029 1989 1166 2071 Hyllum,
1188 2010 1230 2053 ea

118 2095 179 2157 Ιιοο
209 2095 420 2165 academiam,
448 2116 488 2157 aa
514 2096 574 2156 boc
604 2092 864 2167 Aristomachum,
895 2116 936 2157 ece
964 2096 1024 2159 boc
1059 2099 1227 2170 Temenum,

118 2225 159 2268 eu
180 2205 240 2267 Ιιοο
267 2205 385 2275 Cisum,
418 2226 457 2266 eu
486 2206 546 2266 lroc
569 2200 744 2273 Maronem,
768 2225 807 2267 erc
829 2206 889 2267 boc
914 2206 1085 2274 eternium.
1108 2227 1148 2267 eu
1168 2208 1228 2268 boc

117 2313 245 2385 Aecum,
269 2335 310 2375 ex
332 2315 390 2378 boc
413 2313 648 2382 Ariciamidom,
672 2333 712 2373 ea
734 2313 793 2375 hoc
819 2312 980 2384 Caranum,
1005 2336 1046 2376 eu
1068 2315 1126 2377 hoc
1151 2311 1228 2377 Coe*

117 2514 253 2568 aBaccho
272 2516 369 2568 scilicet
393 2515 450 2567 fuit.
486 2515 552 2566 Hinc
571 2513 656 2581 paullo
692 2516 750 2566 λον.
786 2513 882 2580 Nempe
900 2516 925 2564 Λ
943 2516 969 2564 et
986 2517 1008 2565 Α
1025 2528 1103 2583 saepe
1120 2516 1228 2568 conium·

118 2601 186 2651 inira
204 2594 222 2668 ἡ
242 2600 380 2654 Διονυσία
398 2595 473 2667 maid
492 2599 531 2665 (a.
550 2595 579 2665 6)
603 2612 656 2648 me·
691 2598 786 2650 duntur
803 2612 816 2649 a
834 2597 960 2663 librariis;
984 2599 1016 2650 ei.
1036 2597 1078 2650 lib.
1093 2599 1140 2651 111.
1159 2614 1183 2650 ο.
1201 2600 1227 2651 8.

117 2688 240 2737 moratur.
266 2686 341 2750 „Nisi
355 2681 407 2752 τήν
421 2683 577 2738 Διοννοίαν
591 2683 657 2735 scri·
691 2698 716 2735 n.
734 2682 751 2734 7
769 2687 795 2735 ct
813 2683 910 2734 Tatian.
930 2697 951 2733 c.
970 2682 1005 2734 38
1028 2681 1120 2749 (dorp.
1141 2684 1227 2750 Apelt.

118 2769 169 2836 psit
189 2769 360 2837 Theophilus,
380 2771 481 2822 omnino
501 2768 577 2820 debet
594 2766 656 2820 sub·
691 2769 745 2821 Vol.
765 2769 814 2834 Vi)
832 2785 858 2837 p.
874 2765 935 2819 147.
952 2782 978 2818 o.
995 2767 1021 2818 8.

118 2852 248 2920 intelligi“
274 2854 387 2921 (hott).
421 2854 546 2922 Humphr.
567 2848 658 2920 φνλήν
760 2854 802 2906 to.
822 2851 999 2920 Κλεόδημον]
1021 2852 1084 2905 ten.
1100 2852 1228 2907 κλεοδαῖ-

119 2936 346 3006 τήνΔιοννοίαν
365 2940 591 3011 inteutuposuit3
611 2937 655 2990 de·
690 2957 760 3006 μον,
791 2937 835 2990 sed
866 2941 998 2990 corrector
1029 2951 1105 3003 supra
1136 2938 1227 2991 tineam

117 3023 193 3076 bebai
223 3024 312 3076 saltem
343 3038 469 3091 reponere
496 3022 547 3091 τήν
573 3029 655 3076 Διον.
689 3020 862 3092 κλεόδημον,
888 3027 917 3077 ut
942 3023 1017 3075 etiam
1043 3022 1069 3073 iu
1087 3018 1228 3075 liudi-cx-

117 3104 219 3177 φολὴν.
243 3109 336 3162 Nescio
351 3124 396 3161 cur
410 3110 553 3161 hicinehius
567 3107 655 3174 (daal.
690 3115 749 3162 stat.
785 3107 878 3162 Suidae
894 3109 967 3161 ‘cudit
984 3107 1154 3174 Kieoduioe,
1172 3108 1227 3160 He-

118 3192 278 3260 Alexandr.,
297 3193 359 3246 Ber.
378 3193 462 3260 1843,
480 3208 505 3261 p.
521 3193 585 3262 346)
604 3191 656 3261 urie
690 3194 780 3248 rodata
798 3189 964 3258 Κλεόδαιος,
983 3193 1057 3244 aiiter
1077 3193 1227 3260 utiterquos

117 3279 276 3332 Διοναοίδα
294 3278 402 3332 dederit.
690 3279 746 3332 vide
770 3279 838 3347 apud
863 3278 975 3332 Cliaton.
995 3277 1067 3330 Fast.
1087 3278 1153 3330 licii.
1171 3277 1227 3331 voi.

185 3362 211 3416 8.
228 3360 369 3433 Ἀλθαίας]
389 3364 468 3419 Godd.
484 3365 542 3417 nisti
557 3364 654 3416 etediti
690 3364 711 3416 1.
736 3378 759 3432 p.
788 3362 855 3429 107,
890 3364 1012 3429 stephan.
1039 3363 1162 3416 Thesaur.
1187 3376 1226 3430 gr.

116 3444 238 3511 Ἆλθέας.
257 3449 555 3517 athamanticum,
575 3450 656 3517 Apol·
690 3448 751 3515 ling.
780 3448 820 3501 ed.
846 3448 916 3500 Hese
947 3446 1001 3498 Vnt.
1031 3447 1072 3499 Ν.
1099 3462 1123 3514 p.
1148 3445 1227 3511 1617,

116 3533 167 3588 iod.
186 3534 254 3586 Btbi,
275 3535 295 3587 i.
321 3550 343 3585 c.
362 3534 386 3586 8.
414 3533 440 3602 §.
460 3535 488 3602 1,
508 3534 580 3588 alios.
617 3533 655 3585 De
690 3535 761 3603 Papa
785 3532 1228 3599 Wdrterb.d.priech.1dipenua-

115 3619 231 3672 literius
257 3622 283 3671 et
308 3638 339 3671 αι
366 3620 397 3671 ob
422 3618 654 3690 pronuntiationem
690 3634 789 3671 meus.
811 3611 1130 3684 imicissimorum
1157 3617 1228 3670 biui-

116 3703 275 3756 commuiatis
291 3702 365 3755 adeas
383 3702 425 3754 iih.
441 3703 461 3755 1.
477 3719 498 3754 c.
513 3703 536 3754 1.
552 3719 577 3754 n.
594 3703 617 3754 δ’
629 3707 654 3755 et
690 3705 738 3755 lar.
765 3702 814 3768 tegi
833 3700 885 3752 vult
902 3700 1075 3768 Kieoduicr,
1099 3701 1227 3755 hieursius

115 3768 162 3839 lib.
178 3786 212 3840 11.
232 3801 254 3840 ο.
269 3782 310 3838 36.
330 3802 355 3838 ιι.
372 3786 413 3840 35.
690 3802 752 3840 uero
781 3787 831 3849 (De
860 3800 933 3852 regn.
960 3786 1054 3838 Lacon.
1076 3801 1105 3854 p.
1123 3783 1158 3839 32
1175 3787 1227 3852 sq.)

185 3871 210 3924 9.
236 3891 259 3925 c.
278 3870 362 3941 Arde]
386 3871 459 3925 Bodi.
486 3875 511 3923 et
530 3870 591 3923 editi
610 3872 660 3924 ad<
690 3873 854 3940 scriptionem
882 3867 1046 3939 Κλεόδημον
1072 3872 1111 3938 (h.
1129 3887 1151 3923 e.
1176 3870 1228 3922 La-

114 3955 182 4008 duat
195 3953 284 4025 οἶμαι.
305 3956 358 4009 Sed
374 3957 472 4009 abesto
490 3956 551 4006 Vca.
572 3956 655 4020 Quare
691 3969 747 4010 con.
767 3951 949 4023 Κλιόδᾰμον,
973 3956 1082 4008 Peuma.
1102 3950 1227 4018 Ι1.1,ό)

115 4040 196 4098 Noitii
215 4042 392 4097 emendatione
410 4036 484 4095 εἶναι
501 4041 655 4110 supersede
691 4045 780 4094 censet
797 4039 1034 4094 emendatissimum.

115 4141 181 4180 mas.
216 4127 274 4181 Nou
293 4119 398 4181 Ὕλλον
422 4126 467 4179 ssd
488 4117 557 4178 όλον
576 4115 656 4177 Gesn.
761 4123 803 4176 11.
817 4115 936 4193 Κοῖνον]
957 4123 1031 4177 Bodl.
1045 4122 1164 4175 aciatos.
1187 4118 1227 4172 ci.

117 4210 184 4265 hae.
201 4210 381 4280 dioniigunt.
399 4209 588 4264 Van-athad.
606 4201 657 4262 dre
690 4213 761 4279 -Pape
779 4210 797 4263 1.
815 4222 838 4264 e.
856 4224 884 4279 p.
904 4209 963 4264 198.
1046 4224 1049 4228 ·
1105 4219 1109 4227 ·

161 4303 243 4374 corp.
263 4303 348 4373 Apoll.
370 4303 427 4358 uni.
445 4303 516 4357 viii.
1002 4307 1020 4362 5
