2836 4852
465 246 522 329 All
544 242 784 306 turonicum
809 245 886 306 LlB.
908 244 946 304 11.
1200 245 1259 310 tit

152 417 284 492 Adamo,
308 416 502 475 occasionem
525 418 707 493 poenitendi
729 420 761 475 et
785 415 951 476 confitendi
975 415 1130 492 praebere
1154 406 1263 495 vellet,

153 526 247 592 dixit:
299 524 357 585 Uti
380 525 448 601 [cst]
472 524 548 585 Atel
566 528 668 604 frater
691 526 779 585 tuus?
823 524 939 585 Cainns
968 527 1071 584 autem
1100 529 1261 591 contuma-

153 632 232 694 citer
261 635 428 710 respondit
457 636 516 694 dso
547 636 671 694 dicens:
716 634 846 704 Nescio,·
881 653 951 694 nram
980 654 1039 714 epo
1070 641 1170 694 curtos
1199 656 1261 697 eum

153 745 263 820 fratris
295 745 376 803 mci?
430 743 507 804 Hinc
536 746 635 805 iratus
667 746 745 805 deus
776 743 870 804 dixit:
919 743 1020 814 Qrturc
1047 742 1106 804 hoc
1134 746 1263 823 fecisti?

162 852 230 912 Vou
259 854 416 932 sonqreinis
443 855 553 930 fredeis
577 855 624 914 tut
646 851 761 913 clamat
782 852 826 924 ccl
850 871 896 912 me
918 871 959 911 ccc
983 859 1073 912 terra.
1119 853 1161 912 Ελ
1181 872 1262 914 nunc

154 962 335 1022 maledictus
363 970 396 1022 tu
426 962 516 1039 [esto]
541 962 587 1022 ule
616 970 715 1030 terra,
747 979 823 1041 quac
844 962 966 1038 operuit
987 979 1018 1020 sc
1039 969 1074 1022 eet
1095 962 1263 1041 susciperet

153 1074 329 1151 sanquinem
355 1073 466 1151 fruteria
496 1073 541 1131 toi
569 1091 608 1131 ec
635 1091 726 1131 noenu
755 1078 825 1140 tua3
854 1088 973 1148 pemeus
1003 1080 1031 1130 et
1054 1077 1181 1131 tremene
1203 1073 1263 1131 cris

153 1182 184 1240 tn
208 1181 299 1241 ierim
345 1178 545 1258 Quapropter
575 1198 615 1239 ox
644 1197 683 1239 eo
705 1183 847 1255 tempore
871 1180 983 1238 timore
1004 1181 1151 1256 perculsa
1174 1183 1265 1240 terra·

153 1292 270 1350 nullius
293 1293 352 1349 iam
376 1290 507 1350 hominis
531 1291 711 1366 sanguinem
735 1289 884 1364 suscipit,
913 1289 969 1347 sed
992 1306 1050 1348 nec
1074 1268 1262 1349 ullius'ani-

154 1401 261 1473 malis3
298 1401 379 1459 unde
409 1402 498 1474 patet
519 1400 652 1473 ¹colpam
675 1399 705 1454 in
729 1413 766 1455 ea
789 1413 850 1456 non
874 1397 1035 1472 residere,
1068 1399 1178 1456 sedin
1202 1399 1262 1458 ho-

152 1505 233 1568 mine
256 1510 459 1583 praeceptum
482 1505 746 1580 transgrediente.
839 1556 846 1563 a

182 1668 185 1674 .
242 1618 292 1673 30.
316 1615 387 1691 lpse
409 1630 532 1689 quoque
556 1610 670 1674 Cainus
691 1601 787 1673 filium
810 1612 930 1687 habuit,
951 1617 1124 1673 cninomen
1141 1614 1260 1676 Enoch.

152 1723 203 1782 Et
219 1722 400 1800 aedificavit
421 1723 530 1790 rutena
556 1741 643 1801 qarom
665 1720 836 1799 appellauit
855 1721 976 1780 nornine
997 1721 1058 1800 filit
1079 1725 1125 1783 sui
1144 1723 1261 1784 Enoch.

153 1831 219 1890 lloc
250 1831 309 1890 fuit
340 1819 458 1890 initium
492 1830 610 1890 urbium
642 1829 921 1906 aedificandarum,
951 1832 1046 1906 idque
1076 1835 1148 1892 ants
1179 1833 1263 1893 dilu-

154 1942 253 2001 vium:
280 1959 340 2000 non
361 1943 394 2000 ut
416 1940 569 1999 Homerus
592 1941 739 1999 mentitur
762 1939 885 1998 dicens:

292 2049 438 2109 Nondum
461 2051 538 2108 enim
562 2047 730 2128 aedificata
753 2057 819 2108 erut
841 2049 911 2108 acrba
932 2047 1094 2109 dominum.
1133 2092 1136 2098 ·

155 2159 285 2220 Enocho
308 2167 405 2220 cartem
429 2161 493 2238 fuit
515 2157 597 2237 filius
618 2138 739 2218 nomine
763 2155 910 2227 Gcidnel5
932 2160 1038 2237 penult
1059 2157 1200 2231 Meclem,
1233 2170 1266 2222 et

154 2381 179 2431 in
203 2380 348 2432 uniuersum
373 2381 419 2432 sed
443 2380 473 2432 de
493 2380 568 2431 Troia
593 2379 690 2444 sigilla·
727 2374 748 2429 o'
769 2393 807 2444 ap.
821 2377 935 2430 Holmes
956 2374 1072 2444 ἐγενήθη
1090 2373 1267 2448 suppeditant(

154 2467 200 2517 tim
214 2465 326 2516 disserit.
349 2465 466 2533 Wolfius.
497 2464 638 2517 Fatendum
652 2468 692 2514 est
727 2464 765 2515 ci.
786 2478 807 2513 c.
826 2462 867 2514 31.
888 2479 912 2514 n.
932 2462 956 2517 7.
975 2522 978 2531 1
994 2464 1056 2514 Tum
1078 2463 1139 2516 editi
1158 2470 1262 2531 praeter

155 2548 260 2601 Homeri
286 2551 361 2602 rerba
384 2555 499 2602 accurate
519 2566 531 2602 a
551 2548 690 2615 theophilo
726 2549 790 2599 ltiar.
808 2550 834 2598 et
846 2546 971 2613 Humplrr.
988 2545 1167 2600 secretorio
1186 2550 1261 2613 (Van.

155 2648 207 2685 non
226 2634 326 2686 reterri.
361 2629 418 2686 Non
437 2637 521 2685 tamen
541 2631 690 2685 crediderim
727 2622 753 2692 et
770 2631 869 2697 Boon),
888 2631 933 2682 sed
953 2625 1067 2691 Γαϊδάς.
1102 2633 1169 2683 Ante
1189 2629 1261 2699 ἐγέν-

155 2720 301 2780 memoriam
320 2718 343 2770 ei
363 2719 508 2789 eidnnisse;
527 2717 628 2768 videtur
643 2731 691 2786 po·
726 2731 808 2783 νησεν
828 2704 904 2781 (Van.
917 2719 944 2768 et
956 2715 1045 2782 Bodl.;
1065 2718 1262 2770 irretiunt

155 2805 205 2855 tius
225 2805 291 2856 hunc
314 2804 395 2856 locum
422 2807 518 2856 attente
545 2801 691 2853 considera·
728 2801 940 2869 dumpho-ce)
958 2794 1178 2867 editihabentde,
1197 2804 1263 2871 quod

156 2894 209 2941 tum
231 2891 267 2954 sie
285 2889 450 2956 interpretari
474 2888 545 2955 qnasi
565 2887 692 2948 Homerus
727 2887 757 2938 ab
782 2891 890 2953 utroque
917 2885 971 2937 cod.
995 2891 1060 2938 msto
1085 2888 1164 2940 abest.
1200 2889 1262 2940 lrlihi

155 2976 256 3027 Troiam
271 2974 379 3044 exempli
394 2975 449 3026 loco
463 2973 586 3036 nominet,
605 2977 633 3023 ut
646 2988 693 3023 ur·
727 2965 863 3037 legendum
882 2970 982 3023 videtur
999 2971 1047 3024 uel
1066 2968 1185 3026 rareto.
1219 2974 1263 3026 si-

153 3060 200 3112 bes
218 3058 329 3110 nondum
347 3057 462 3111 conditas
475 3058 554 3110 inisse
570 3057 691 3109 declaret.
728 3057 794 3108 milis
813 3057 918 3125 erroris,
937 3056 1025 3108 eodem
1043 3072 1079 3115 ex
1094 3058 1172 3109 verbo
1186 3072 1263 3124 repe-

155 3145 276 3209 ssuamris
303 3145 371 3196 enirn
398 3145 445 3195 sub
472 3143 622 3209 Phoroneo,
649 3142 692 3209 qui
727 3142 774 3193 tito
793 3141 854 3203 neti,
874 3142 1015 3207 exemplum
1033 3141 1100 3194 illico
1114 3144 1263 3209 conspicere

155 3233 218 3280 ante
238 3228 382 3280 Dardanum
407 3228 471 3289 luit,
499 3226 631 3278 nomadum
655 3227 692 3277 vi·
726 3227 801 3278 licet:
821 3242 846 3278 n.
864 3228 890 3277 t.
920 3227 1000 3279 Verba
1019 3223 1070 3279 ede
1088 3225 1264 3296 καλούμενον

154 3319 205 3366 tarn
229 3315 362 3380 homines,
388 3317 418 3364 ut
442 3317 553 3365 testatur
571 3313 692 3364 Tatianus
727 3307 823 3380 Μεήλ,
839 3327 914 3379 onae
934 3312 995 3364 Ven.
1014 3315 1040 3364 et
1058 3313 1131 3368 Bodl.
1149 3319 1263 3381 tuentur,

156 3415 177 3450 c.
191 3397 233 3463 ³9,
252 3399 368 3451 terantur
387 3399 519 3463 abiecisse,
537 3411 588 3447 non
607 3401 692 3448 tamen
727 3400 855 3448 mutarunt
876 3395 941 3448 Feli.
962 3401 987 3448 et
1005 3397 1081 3448 Woli.
1100 3399 1126 3454 in
1144 3396 1196 3452 τὸν
1213 3418 1263 3452 uo·

156 3482 251 3549 grande
278 3487 390 3535 erratum
416 3498 429 3533 a
456 3472 597 3550 Theophila
623 3495 693 3532 com·
727 3475 863 3547 λούμενοι)
880 3477 1041 3546 Μαλελεήλ.’
1067 3472 1263 3536 Dehehantsnl-

154 3569 275 3632 missum,
299 3569 334 3619 si·
347 3583 399 3620 rem
425 3569 507 3619 serius
531 3568 561 3618 ab
580 3567 692 3619 Homero
726 3570 777 3617 tem
797 3567 910 3617 scrihere
930 3560 981 3618 cdv
999 3562 1159 3633 Μαλελεήλ,
1179 3573 1207 3620 ut
1224 3574 1265 3623 est

155 3653 274 3705 collocari
293 3653 484 3704 existimaverit.
511 3653 650 3704 Marcone.
728 3652 752 3701 in
771 3651 838 3715 vulg.
858 3650 965 3712 Bibliis3
993 3665 1050 3700 nam
1076 3651 1137 3703 illud
1161 3652 1262 3707 καλού-

224 3737 247 3788 3.
271 3737 317 3806 Τῷ
399 3734 530 3803 σιδήρου]
550 3735 646 3787 Genes.
666 3734 692 3799 4,
727 3751 812 3800 μενον
838 3737 896 3785 ante
922 3730 1005 3800 Μεήλ
1028 3733 1095 3787 unde
1121 3741 1204 3795 ortum
1231 3739 1265 3790 sit

155 3821 280 3874 18-22«
294 3821 363 3874 Editi
379 3825 482 3886 praeter
498 3820 623 3887 Humphr.
642 3833 693 3893 non
727 3819 798 3871 tacite
825 3820 987 3886 perspicitur.
1032 3819 1068 3872 At
1097 3821 1264 3890 Theophilum

157 3905 206 3975 Τῷ
235 3902 266 3959 di
296 3907 342 3958 scd
368 3907 448 3976 τῷδε.
493 3907 544 3958 Pro
573 3898 692 3970 ἐγενήθη
728 3900 779 3957 adv
798 3906 858 3955 καλ.
876 3901 958 3971 Merit
982 3895 1118 3974 scripsisse
1142 3911 1213 3974 patet
1231 3919 1264 3956 ex

156 3991 247 4057 (len.)
273 3991 368 4043 trahent
391 3991 464 4043 Bodl.
492 3994 517 4041 et
541 3989 601 4041 editi
620 3986 693 4054 tpar—
729 4003 759 4043 eo
778 3989 844 4057 quod
863 3977 1005 4057 complures
1030 3990 1102 4042 codd.
1120 4006 1159 4057 sp.
1179 3990 1219 4061 llo
1257 4025 1263 4040 .

155 4070 241 4142 νήθη.
277 4075 351 4128 ltlulti
376 4076 449 4128 etiam
469 4072 539 4126 codd.
560 4074 617 4126 meti
636 4074 694 4126 adv
729 4075 768 4140 (et
786 4074 872 4140 Philo)
889 4073 956 4127 idern
977 4071 1060 4144 Μεὴλ
1079 3989 1271 4185 exhibe&
