2836 4852
478 269 862 346 Puonncomuma
1144 296 1229 347 xm

113 463 234 551 galem
268 478 431 531 amorem
467 461 608 531 arctim
645 461 899 550 adstringeret
931 462 978 550 (c.
1009 460 1094 550 38).
1147 459 1228 533 Eva

113 586 260 675 peperit
295 584 447 656 Oainum
480 606 528 655 ac·
562 585 697 655 deinde
735 584 903 656 Ahelem.
965 583 1070 655 Caini
1105 587 1227 657 scelus

113 718 152 779 et
181 710 322 800 punitio
355 712 403 800 (c.
435 710 501 800 29)
534 717 571 780 et
604 710 746 801 posteri
782 714 1034 781 recensentur.
1085 709 1145 780 Ab
1177 710 1225 783 iis

111 839 213 904 artes
252 835 425 904 inventae
455 841 556 928 sunt,
590 837 637 904 de
671 834 802 923 quibus
833 833 1036 924 scriptores
1067 834 1225 924 gentiles

11 990 15 994 ·
110 957 200 1027 nihil
225 966 426 1048 potuerunt
451 959 520 1028 nisi
544 959 750 1029 fabulosum
774 959 899 1028 dicere
926 961 972 1049 (c.
989 959 1066 1049 30).
1096 957 1223 1031 Eius·

108 1085 192 1153 dem
216 1083 422 1172 scripturae
452 1081 630 1154 beneficio
655 1084 907 1173 cognoscimus
936 1083 1115 1174 originem
1141 1103 1222 1153 ma-

108 1208 287 1277 ximarum
312 1208 473 1301 urbium,
499 1207 717 1278 divisionem
739 1209 964 1302 linguarum,
991 1208 1127 1280 seriem
1148 1229 1220 1281 an·

111 1332 396 1421 tiquissimorum
427 1352 556 1422 regum
591 1334 639 1422 (c.
669 1333 753 1424 31),
792 1333 973 1403 rationem
1004 1332 1219 1424 dissipatio.-

107 1456 164 1526 nis
190 1456 339 1526 humani
373 1457 519 1546 generis
547 1457 584 1525 in
622 1456 831 1526 universum
869 1462 1055 1528 terrarum
1091 1459 1220 1549 orbem

106 1582 155 1670 (c.
178 1581 255 1669 32).
306 1579 444 1650 Harum
479 1599 602 1648 rerum
638 1581 796 1650 omnium
830 1581 990 1671 cognitio
1014 1580 1156 1651 frustra
1169 1581 1219 1652 in

11 1683 14 1686 ¹
108 1705 213 1774 libris
241 1703 432 1792 gentilium
458 1705 647 1792 quaeritur
679 1707 725 1795 (c.
754 1705 830 1795 33).
882 1705 1092 1796 Prophetae
1123 1722 1216 1777 vero

106 1849 179 1899 non
201 1830 320 1924 solum
354 1828 400 1897 de
434 1828 557 1898 mundi
585 1830 770 1921 creatione
794 1851 862 1900 nos
895 1831 1117 1924 docuerunt,
1149 1831 1219 1901 sed

107 1954 214 2024 etiam
237 1954 283 2022 de
308 1953 378 2021 deo
401 1953 556 2023 colendo
578 1960 617 2024 et
636 1927 717 2025 vita
738 1960 840 2027 recte
860 1955 1083 2025 instituenda
1102 1972 1217 2044 prae-

106 2085 215 2168 cepta
243 2077 473 2147 tradiderunt
500 2080 547 2168 (c.
569 2079 655 2168 le:
691 2079 727 2148 id
754 2080 854 2167 quod
883 2079 1141 2170 speciminibus
1167 2098 1216 2149 ex

105 2203 211 2289 libris
237 2222 363 2272 eorum
387 2201 551 2272 illustrat
582 2203 629 2291 (c.
657 2204 741 2295 35),
776 2204 903 2274 multis
925 2205 1061 2275 additis
1084 2201 1216 2292 Sibyl-

105 2329 167 2397 lac
191 2327 361 2397 versibus
390 2327 438 2415 (c.
463 2326 538 2415 36).
592 2325 686 2412 Quin
712 2329 822 2399 etiam
848 2337 983 2421 poetae
1011 2331 1058 2399 de
1084 2327 1215 2416 poenis

104 2453 238 2523 sceleri
266 2451 474 2542 infligendis
507 2453 554 2541 (c.
577 2452 660 2544 37),
698 2457 744 2520 de
773 2454 898 2524 mundi
927 2451 1214 2542 conflagratione

105 2584 143 2647 et
170 2577 255 2647 aliis
280 2578 391 2646 rebus
419 2576 596 2645 nonnulla
619 2575 791 2646 dixerunt
818 2596 912 2663 quae
938 2597 1020 2646 cum
1046 2573 1215 2664 prophe-

103 2702 153 2771 tis
178 2699 410 2772 consentiunt
436 2702 482 2789 (c.
500 2699 577 2788 38).

518 2911 549 2976 3.
580 2910 669 3010 Llhrt
691 2913 786 2977 tertii.

206 3069 322 3156 Quum
358 3070 505 3159 priores
545 3069 812 3158 disputationes
846 3070 1001 3139 animum
1038 3069 1214 3160 Autolyci

102 3217 175 3267 non
202 3194 458 3287 infregissent,
492 3192 720 3285 Theophilus
746 3194 796 3264 ad
827 3193 924 3264 hunc
954 3195 1088 3264 librum
1121 3214 1215 3266 exa-,-

101 3322 255 3390 randum
296 3339 497 3410 aggressus
535 3326 603 3389 est.
666 3319 839 3389 Declarat
873 3303 964 3400 'sihi
986 3319 1214 3411 propositum

103 3465 188 3516 esse
220 3444 555 3533 antiquitatem
588 3444 943 3534 scripturarum
978 3444 1214 3514 christia-

102 3589 262 3643 narum
297 3569 353 3638 ab
388 3571 578 3660 origine
613 3569 869 3659 repetitam
900 3569 933 3638 ei
966 3573 1051 3639 ante
1084 3570 1213 3650 oculos

101 3714 258 3788 ponere,
296 3699 338 3763 ut
369 3697 516 3766 tandem
555 3695 753 3783 aliqnando
791 3693 975 3784 intelligat
1010 3693 1214 3784 scriptores

101 3840 256 3909 quorum
291 3819 534 3890 admiratione
574 3822 769 3891 tenebatur
803 3820 940 3889 nullius
979 3839 1062 3890 esse
1102 3817 1215 3908 pretii

102 3944 155 4034 (c.
176 3944 233 4033 1).
287 3935 385 4012 Nam
417 3963 535 4032 neque
569 3944 644 4013 suis
674 3945 746 4034 ipsi
775 3947 890 4023 oculis
919 3947 1093 4015 viderunt
1121 3959 1216 4027 quae

99 4067 220 4138 literis
248 4069 440 4159 mandant,
474 4085 593 4155 neque
625 4068 832 4141 didicerunt
858 4070 991 4141 abhis
1016 4067 1078 4157 qui
1105 4063 1215 4132 vide*

136 4188 215 4256 corp.
235 4187 322 4257 Apoll.
346 4187 401 4241 Vol.
420 4186 491 4240 vlu.
969 4195 992 4262 d
