2836 4852
148 261 214 330 28⁴
460 262 680 325 annovam
701 260 951 325 annocum

148 436 313 506 mair,
340 435 444 495 idest
467 435 608 511 angelis,
636 441 668 495 et
689 436 825 496 mittaris
844 436 879 494 ia
899 451 1070 502 aaronem,
1096 431 1129 494 id
1156 436 1208 495 est
1229 437 1266 495 in

147 543 340 624 geliennam
373 547 406 603 et
436 538 541 602 ³⁹arou
568 561 660 602 eaeor
690 541 765 601 inde
793 542 895 602 donee
922 541 1040 602 reddor
1067 544 1265 605 perierimus

150 655 360 736 quadrantem,
382 654 415 712 id
438 655 488 711 est
504 653 544 711 de
561 653 643 711 omni
666 653 770 711 otioso
790 668 936 711 sermone
959 652 1115 711 rationem
1137 654 1266 714 omnino

148 764 327 841 persolves.
370 758 402 796 ⁴⁰
416 762 453 820 Si
474 759 577 820 ocutus
597 769 666 820 taos
688 767 789 820 tenter
805 759 997 821 reondotizot
1016 768 1056 830 te,
1081 780 1150 821 erue
1165 761 1265 823 illum

148 871 290 938 Dextoro
314 872 407 932 ooulo
429 872 463 929 et
487 870 621 929 dextera
642 886 733 928 manu
754 868 906 944 fratrum,
928 871 1056 947 uxoris,
1077 870 1266 948 liberorum,

148 981 288 1042 affinium
316 983 350 1040 et
377 980 625 1058 propinquorum
655 980 847 1038 monstratur
875 978 1023 1053 effeetus3
1053 996 1144 1054 quem
1171 981 1200 1039 si
1221 983 1265 1040 ad

149 1088 417 1168 eontemplaudam
440 1105 547 1147 veram
569 1089 669 1147 lucem
691 1087 783 1146 nobis
813 1089 1033 1164 impedimento
1062 1105 1135 1149 esse
1156 1091 1266 1150 uerni-

149 1217 234 1275 mus‚
256 1199 456 1276 supradictas
479 1199 627 1257 truncare
649 1196 799 1256 dehemus
819 1197 997 1257 istiusmodi
1019 1198 1200 1276 portiones,
1221 1216 1265 1258 ne

151 1309 223 1368 dum
244 1309 389 1367 volumus
417 1306 526 1366 luoere
558 1323 655 1382 supra
688 1307 833 1366 caeteros
863 1306 926 1383 ipsi
953 1322 1121 1383 pereamus
1149 1308 1181 1366 in
1203 1323 1266 1368 ao-

33 1499 37 1506 ,
151 1419 284 1478 ternum.

235 1521 406 1587 ⁴1Neariot
427 1527 553 1585 sinistro
574 1531 628 1584 toa
650 1522 728 1604 quid
747 1526 850 1604 sociat
871 1524 1003 1585 dextero
1024 1533 1087 1584 too.
1130 1525 1196 1585 Per
1216 1528 1264 1587 si·

149 1638 280 1697 mtrem
300 1651 454 1713 praesens
476 1633 552 1711 vita,
575 1632 683 1693 lutura
702 1649 781 1694 vero
802 1651 862 1712 per
878 1635 1043 1694 dextoram
1063 1635 1266 1713 declaratur-3

149 1746 204 1806 vel
225 1746 379 1804 dexterae
402 1744 518 1804 indioio
541 1743 698 1819 signifieat
719 1741 916 1803 Christianos
939 1743 1081 1804 uolentes
1103 1743 1264 1806 christum

148 1856 313 1916 sedentem
335 1854 376 1914 ad
395 1853 558 1913 dextoram
579 1852 698 1928 patris,
718 1867 779 1928 per
799 1853 957 1912 sinistram
981 1868 1059 1912 vero
1080 1852 1265 1915 haereticos

149 1965 267 2024 iudicat
287 1963 340 2022 vel
361 1961 506 2022 ludaeos.
543 1953 574 1994 ⁴²
586 1958 694 2019 Nolite
714 1959 916 2022 thesaurizare
938 1962 1023 2022 vodis
1040 1961 1197 2023 elnaem
1211 1984 1265 2024 ra-

146 2091 208 2152 per
229 2081 361 2132 terrum.-
392 2071 424 2129 id
447 2073 496 2129 est
517 2069 618 2128 nolite
640 2069 760 2127 habere
780 2069 924 2129 liduoiam
947 2071 1065 2145 carnis;
1095 2071 1148 2130 ubi
1168 2072 1264 2140 tineo,

150 2181 183 2239 id
206 2182 257 2239 est
279 2180 443 2255 avaritia‚-
456 2178 576 2256 decipit
598 2178 652 2237 vel
673 2178 788 2253 libido,
810 2186 840 2239 et
861 2179 913 2240 obi
930 2180 1016 2257 fruor
1036 2178 1208 2260 effodiunt,
1230 2183 1264 2241 id

150 2292 201 2350 est
232 2289 401 2348 daemones
434 2289 607 2348 sollicitant
636 2288 834 2364 peooatores.
892 2287 969 2347 Nam
1003 2304 1063 2365 per
1091 2290 1263 2351 thesauros

149 2399 243 2459 lidum
272 2398 446 2475 signifieat,
474 2413 533 2473 por
562 2398 679 2456 terram
708 2412 850 2473 earnem,
882 2413 941 2473 per
963 2398 1085 2456 eoelum
1106 2398 1263 2475 spiritum.

150 2503 181 2544 ⁴³
195 2507 335 2569 haema
360 2508 502 2587 eorporis
531 2507 577 2566 tui
606 2513 651 2566 eet
675 2503 780 2565 oeulos
809 2512 886 2566 tuor.
929 2504 1102 2567 Lucernam
1126 2507 1265 2587 oeulurn,

151 2615 249 2678 amen
270 2633 331 2694 pro
364 2617 515 2694 episeopo
535 2615 589 2674 vel
617 2615 668 2673 his
691 2615 744 2690 qui
766 2615 797 2673 in
819 2615 956 2675 eeclesia
977 2616 1057 2675 olari
1078 2618 1152 2676 suut
1172 2619 1264 2677 dixit.

110 2805 111 2809 Ἰ
150 2725 274 2804 corpus
293 2742 353 2803 pro
372 2725 519 2799 ecelesia,
541 2723 678 2783 tenebras
698 2739 758 2800 pro
778 2726 918 2801 pereatis
935 2726 988 2784 vel
1007 2723 1186 2801 ignorantia
1203 2743 1265 2804 po-

151 2837 225 2896 suit.
274 2835 312 2895 st
334 2832 437 2894 ocutus
457 2841 524 2894 urar
547 2829 680 2911 simplem
701 2839 756 2910 est,
779 2839 875 2894 toturn
893 2853 1004 2912 corpur
1025 2843 1108 2894 turon
1128 2833 1265 2896 berittum

151 2945 219 3004 erit.
273 2941 458 3020 Lippientes
492 2942 575 3002 oeuli
606 2942 712 3002 solent
743 2943 889 3003 lucernas
920 2944 1031 3003 videre
1066 2960 1266 3023 numerosas,

152 3054 287 3131 simplex
312 3054 415 3111 autem
446 3050 556 3110 eoulus
587 3052 620 3110 et
647 3066 742 3128 purus
771 3053 923 3129 simplicia
950 3054 1090 3114 intuetur
1118 3043 1264 3132 et'pura.

150 3162 218 3221 lloe
245 3163 296 3220 est
316 3176 394 3236 ergo
423 3161 507 3236 qued
530 3161 590 3218 ait:
619 3160 776 3236 quomodo
799 3163 897 3221 totum
920 3178 1036 3238 cerpus
1064 3162 1096 3220 iu
1119 3162 1264 3224 tenebris

152 3270 203 3329 est
225 3270 253 3328 si
276 3268 386 3327 oculus
409 3269 438 3326 ei
460 3283 522 3326 nen
544 3268 660 3345 luerit,
683 3269 728 3328 ita
750 3269 778 3328 si
803 3271 905 3330 anima
924 3271 1130 3348 principalem
1149 3272 1264 3350 fulgo-

150 3394 218 3437 rem
239 3377 415 3453 sapientiae
436 3376 613 3452 perdiderit
643 3376 808 3437 universus
830 3389 948 3439 seusus
962 3380 994 3438 in
1016 3381 1150 3458 caligine
1172 3399 1264 3443 oom-

151 3490 301 3547 moratur.

238 3591 269 3631 ⁴⁴
284 3593 369 3668 Quid
398 3600 498 3654 uatem
524 3592 609 3654 eides
636 3596 789 3673 festucam
818 3598 851 3656 in
875 3595 966 3658 oculu
993 3596 1104 3676 fratris
1134 3599 1201 3668 toi,
1229 3601 1265 3659 in

153 3713 206 3768 tao
228 3712 327 3766 orclem
348 3703 463 3765 trabem
483 3722 545 3764 noo
566 3701 765 3765 consideres?
806 3705 872 3767 lloo
892 3709 996 3767 autem
1015 3707 1057 3765 ad
1071 3723 1128 3768 eos
1143 3709 1265 3788 ait'qui

221 3908 265 3965 39.
283 3923 339 3962 uon
356 3907 416 3976 ete]
433 3908 524 3961 Malli.
542 3909 569 3976 t,
586 3909 631 3963 26.
791 3907 1264 3979 tt.o01oeeu.]uaou.o‚1e-ao.

219 3995 264 4051 to.
294 3994 329 4048 st
353 3992 414 4061 ete]
447 3994 538 4047 llrttlr.
564 3994 596 4060 5,
619 3993 689 4048 tt·-
792 3992 1266 4068 te.1.uemuetc.]nuun.o‚22

153 4083 195 4135 3⁰.
220 4166 265 4222 tl.
281 4165 389 4220 Nesciet
406 4160 468 4230 ete]
487 4162 579 4216 Mrul.
597 4161 623 4231 6,
643 4162 670 4219 3.
758 4078 835 4218 wll.
855 4166 928 4231 Quid
946 4166 1007 4234 ele]
1029 4167 1119 4222 nstin.
1138 4169 1164 4234 7,
1183 4170 1211 4224 3.
