2836 4852
462 278 519 341 AD
541 278 787 342 ausonidum
809 272 886 342 ΠΒ.
908 280 947 342 ll.
1197 275 1258 342 153

153 450 219 524 est,
251 463 341 522 quum
372 450 449 508 ante⁴
476 449 608 510 diximus
638 449 878 526 Hierosolyma3
911 448 951 507 ab
982 448 1043 509 hoo
1070 449 1260 512 exstiterunt

154 558 187 615 et
208 557 391 618 sacerdotes
421 557 451 618 in
481 560 549 618 toto
579 561 734 617 terrarum
763 557 849 616 orbe.
893 556 971 615 Post
1002 558 1084 619 huno
1114 561 1260 636 regnavit

154 663 338 726 Abimeleeln
367 667 397 724 in
429 665 574 726 Geraris:
605 672 680 744 post
709 666 790 726 huno
819 666 900 725 alius
921 664 1101 727 Abimeleelr
1109 687 1117 742 3
1147 671 1260 730 deinde

135 770 283 848 'Ephron
306 778 513 851 cognomento
538 774 718 835 chettaeae.
763 773 852 842 Quod
874 773 970 848 igitur
993 775 1106 834 attinet
1124 772 1184 834 lios
1206 793 1261 836 re-

153 897 210 956 ges
246 883 298 957 qui
327 884 428 959 prima
457 886 562 943 aetate
591 885 797 957 exstiterunt,
831 882 875 940 ita
907 883 1030 941 nomina
1063 899 1099 942 se
1130 882 1261 958 habeot3

154 989 272 1054 dasteri
300 994 403 1053 antem
427 991 628 1067 Assyriorum
652 1008 763 1067 reges,
795 991 846 1064 qni
876 990 981 1049 multis
1010 992 1098 1051 annis
1129 992 1261 1053 interie-

153 1099 212 1158 otis
235 1103 422 1176 regnarunt,
452 1101 577 1160 silentio
601 1100 818 1177 praetermissi
839 1101 926 1159 sunt:
955 1099 1037 1157 intra
1060 1101 1160 1159 omnia
1183 1118 1261 1176 pro-

153 1207 236 1266 xima
260 1210 358 1268 aetati
380 1211 508 1267 nostrae
537 1212 679 1285 tempora
709 1210 988 1268 commemorantur
1015 1209 1176 1269 exstitisse
1205 1226 1261 1269 re-

153 1331 211 1390 ges
232 1316 435 1393 Assyriorum
459 1316 686 1392 Teglaphasar,
709 1318 783 1391 post
807 1314 884 1375 hune
906 1317 1009 1375 autem
1029 1314 1261 1393 Salamanasar,

153 1423 267 1505 deinde
297 1423 528 1483 Sennaelranim.
572 1424 670 1482 Huius
700 1423 838 1482 triareha
870 1422 933 1481 fuit
957 1423 1166 1483 Adrameleeh
1194 1426 1261 1503 Ae-

153 1527 269 1605 thiops,
293 1532 345 1605 qui
365 1532 458 1597 etiam
482 1528 623 1607 Aegypti
645 1547 773 1606 regnum
796 1525 942 1590 obtinuit:
968 1547 1149 1604 quamquam
1172 1531 1261 1609 haee,

154 1641 301 1712 quantum
330 1639 370 1697 ad
394 1641 520 1701 nostras
540 1639 652 1697 literas
674 1640 803 1712 attinet,
833 1638 996 1697 admodum
1019 1641 1159 1700 recentia
1180 1644 1262 1701 sunt.

240 1750 288 1806 32.
320 1746 396 1806 Inde
418 1748 514 1822 igitur
535 1747 674 1806 iudieare
697 1748 737 1805 de
759 1745 900 1806 historiis
923 1750 1055 1825 possunt
1077 1748 1262 1810 eruditionis

154 1858 187 1913 et
216 1856 412 1930 antiquitatis
438 1853 586 1928 studiosi,
618 1871 657 1912 an
687 1872 725 1914 ea
754 1856 894 1915 recentia
925 1858 988 1915 sint
1018 1872 1097 1931 quae
1125 1875 1143 1916 a
1173 1853 1262 1919 nobis

154 1964 299 2024 diduntur
329 1980 390 2040 ope
419 1965 596 2022 sanctornm
627 1963 864 2039 prophetarum.
912 1964 988 2024 Nam
1012 1982 1103 2039 quum
1124 1966 1173 2026 llis
1194 1968 1263 2050 pri·

154 2073 212 2130 mis
242 2073 436 2149 temporibus
461 2072 553 2146 panai
583 2074 691 2130 essent
722 2071 863 2131 homines
893 2073 923 2131 in
940 2072 1073 2130 Arabia
1103 2076 1136 2132 et
1164 2072 1262 2134 Chal-

155 2180 249 2256 daea,
281 2183 445 2256 postquam
476 2180 597 2239 divisae
621 2183 693 2238 sunt
716 2196 823 2240 eorum
846 2182 991 2257 linguae,
1017 2181 1180 2257 paullatim
1204 2200 1263 2243 an·

155 2290 223 2364 geri
255 2291 287 2346 et
317 2289 519 2365 multiplicari
551 2290 724 2363 coeperunt
752 2289 783 2345 in
817 2290 882 2347 tota
917 2290 1015 2347 terra.
1069 2291 1173 2365 Atque
1207 2292 1263 2351 alii

155 2397 278 2472 quidem
307 2397 504 2455 declinarunt
534 2397 568 2453 nt
598 2396 773 2454 incolerent
804 2397 845 2456 ad
874 2397 1043 2473 orientem,
1076 2399 1130 2456 alii
1160 2401 1263 2460 antem
1316 2454 1320 2459 .

155 2521 212 2580 per
240 2508 348 2582 partes
377 2505 480 2579 magni
508 2503 696 2563 continentis
721 2506 753 2561 et
784 2505 1067 2580 septentrionales,
1099 2507 1142 2564 ita
1168 2508 1200 2564 nt
1222 2507 1263 2566 ad

153 2745 200 2797 pes
216 2731 336 2798 foenerat,
355 2746 444 2784 omrres
464 2724 601 2798 [odotem
620 2731 691 2782 inter
724 2758 760 2768 -
783 2729 834 2782 Pro
866 2728 1041 2797 ἐβασίλευσεν
1073 2730 1163 2796 (Van.)
1195 2731 1261 2797 vulg.

155 2829 244 2866 emeres
273 2830 294 2866 s.
319 2829 351 2865 ea
376 2813 509 2880 umoribus]
536 2828 690 2865 commemo·
725 2828 799 2866 —oa

154 2902 252 2950 ramur
272 2898 344 2966 Tepl.
795 2898 810 2950 1
832 2897 918 2964 ἐστὶν]
934 2898 995 2950 Ven.
1010 2898 1098 2963 Bodl.;
1113 2898 1180 2963 vulp
1194 2895 1262 2953 ἐστὶ.

726 2983 814 3036 Paullo
841 2987 899 3049 post
925 2983 988 3035 Veo.
1015 2981 1207 3046 natanaelem
1235 2987 1262 3036 et

223 3032 265 3117 443
293 3035 413 3100 Θεγλαφ·
514 3034 618 3098 Σελαμ·
717 3065 811 3126 'loram
830 3067 920 3134 quihus
939 3084 955 3117 ν
975 3065 1051 3130 vulgo
1071 3065 1153 3116 deest.

156 3118 286 3188 Σενναῖ]
314 3119 431 3190 mea·
462 3115 572 3183 15'29'
599 3115 690 3180 17’3‘
794 3151 819 3204 2.
849 3149 943 3216 εἵπου]
974 3149 1052 3214 Vulgo
1078 3143 1163 3201 ὅπου,
1198 3148 1264 3202 lllud

157 3203 206 3270 13¹
232 3204 275 3258 1³·
319 3203 446 3301 v⁰⁰⁸ff¹⁸¹¹f
473 3201 499 3253 in
526 3202 592 3254 ΒΜ·
620 3201 691 3298 vulg·
725 3236 774 3287 iam
793 3235 907 3288 clausor.
934 3234 1031 3300 putarit
1058 3233 1209 3299 legendnm,
1235 3235 1264 3285 nt

156 3287 430 3364 90‘270‘9‘9‘22m9?
454 3288 691 3352 xalapavaaoap,
725 3334 758 3372 ex
776 3320 832 3371 eins
848 3319 970 3371 *versione
989 3315 1058 3385 (oa)
1077 3322 1155 3386 petat.
1184 3316 1261 3369 Solus

156 3373 343 3441 Σενναχηρίμ·
725 3403 851 3469 Ilumphr.
871 3402 896 3452 in
914 3405 988 3453 texto
1006 3403 1099 3468 posuit.
1135 3399 1186 3452 Sed
1204 3402 1262 3452 lila-

224 3491 267 3544 45.
290 3488 462 3557 Ἀδραμέλεχ]
492 3486 691 3540 Adramele·
727 3500 820 3550 nanus,
838 3485 913 3537 huius
930 3485 978 3535 loci
998 3485 1085 3536 vilium
1104 3484 1264 3548 attollatur,

155 3577 251 3628 thum
280 3575 404 3643 quendam
433 3573 584 3639 Aethiopiae
613 3571 691 3623 luisse
726 3569 813 3621 mallet
836 3567 901 3634 δίχα
919 3568 976 3620 τῶν
996 3561 1038 3634 ely.
1059 3585 1163 3634 repom,
1189 3570 1264 3619 sine

154 3675 243 3726 regem
269 3664 297 3712 et
321 3660 351 3712 ab
375 3659 477 3711 lloshea
504 3671 565 3722 rege
589 3655 692 3707 lsraelis
726 3652 826 3704 sanclis
848 3653 996 3718 prophetis.
1039 3652 1119 3716 Quem
1145 3652 1265 3703 mulatio·

155 3759 205 3796 una
224 3759 279 3796 enm
297 3745 409 3796 Theraeo
429 3741 556 3807 Aegyptio
580 3740 692 3792 solicita·
727 3751 784 3788 nrm
810 3735 934 3802 improbo.
970 3734 1008 3786 cl.
1035 3748 1059 3788 a.
1079 3750 1104 3801 g.
1130 3751 1152 3787 o.
1171 3734 1214 3789 30.
1239 3751 1265 3802 p.

154 3833 208 3880 loro
227 3833 254 3880 ut
273 3826 394 3879 adversus
411 3824 613 3878 salmanasarem
630 3839 692 3890 snp-
728 3818 778 3872 106
792 3819 832 3870 B:
852 3816 988 3882 ἐπιδεῖξαι
1004 3815 1053 3872 dmi
1067 3819 1123 3873 eois
1137 3813 1179 3889 sip.
1193 3837 1263 3885 ypor-

155 3912 238 3979 petias
253 3911 301 3964 siti
314 3911 404 3974 terret,
423 3912 568 3962 auctorest
584 3907 692 3973 Syntel-
727 3905 802 3970 φῶν.
818 3927 822 3939 ·

154 3995 205 4047 los.
239 3996 308 4063 llaec
327 3992 471 4047 confudisse
491 3990 589 4043 videtur
608 3990 691 4042 Theo·
795 3987 821 4038 3.
848 3989 1025 4056 Bpruaroiv]
1056 3987 1179 4039 llsilatius
1198 3985 1266 4036 toret

155 4079 240 4148 philos
253 4085 280 4132 et
292 4077 460 4132 Adramelech
477 4076 691 4144 Aethiopenpro
725 4059 903 4137 Βρεττανῶν.
940 4072 991 4126 Sed
1010 4066 1167 4138 Βριττανός
1190 4069 1264 4122 eliam

154 4163 281 4232 parricida
307 4162 361 4215 filio
387 4162 563 4229 supposuisse.
596 4159 691 4213 Folius.
727 4159 802 4210 lirae
822 4156 901 4213 strat.
921 4158 1009 4212 scribit
1027 4174 1054 4226 p.
1072 4153 1114 4218 17,
1131 4151 1159 4205 4.
