2836 4852
421 243 479 305 Ah
491 243 745 308 ‘AUTOLYGUM
757 244 901 309 amath
916 256 927 309 ,⁸

162 412 165 416 ’
222 413 367 475 Virtutem
388 417 529 495 accepi,-
551 418 613 499 nari
634 419 718 488 arde,
740 421 802 478 nori
824 414 972 478 mortalis.
1000 428 1003 433 ’

213 521 297 584 Deru
316 516 407 608 [esi]
429 526 524 586 oannis
545 524 669 587 comitii
684 524 809 605 ρὶσπνις
830 525 966 588 illaesum
988 543 1058 586 aero
1082 525 1163 587 uihil

212 631 271 693 Eri
292 633 325 692 ι’νι
347 634 425 693 ielis.

127 739 277 800 Similiter
301 743 394 802 eliam
417 741 603 819 Euripides:

212 849 304 911 Nihil
320 849 443 911 accidit
465 850 630 912 dominibus
650 851 760 932 absque
784 853 852 914 dea.

126 957 168 1017 Et
190 960 380 1020 Menander:

211 1067 283 1127 Noa
305 1090 407 1130 aarum
429 1072 527 1130 nostri
547 1071 629 1149 penit
650 1069 763 1150 eliquia
784 1073 845 1131 uiri
866 1069 947 1133 salus
970 1072 1054 1134 deur.

126 1175 167 1235 El
187 1196 297 1238 rursus
317 1178 502 1257 Euripides:

213 1288 341 1348 Servare
363 1291 441 1349 enim
464 1309 553 1370 quam
574 1286 638 1348 auli
660 1287 750 1356 deur,

214 1395 329 1472 Multae
354 1400 527 1458 occasiones
551 1397 608 1458 dat
628 1397 672 1458 ad
694 1397 830 1459 salertam.

123 1505 167 1566 Et
192 1505 386 1580 [Thestius]:

211 1615 283 1675 Dea
304 1613 422 1675 volente
443 1614 541 1675 suiuus
564 1635 608 1688 ee,
632 1619 750 1677 etiamsi
772 1619 803 1676 ia
827 1625 926 1697 tepere
948 1623 1078 1702 navique.

123 1878 192 1931 navit
210 1879 260 1930 sic:
281 1873 340 1932 oda
360 1867 417 1939 ἆρον
437 1869 497 1938 [sic]
517 1871 660 1936 φροντίζει
697 1871 785 1925 raon.
805 1871 949 1926 Galakerus
967 1877 994 1928 ln
1013 1876 1150 1932 Adversar.
1167 1881 1233 1934 hih-

125 1956 399 2032 ιιςὴμῶνῆμόνος
417 1962 433 2029 ΙΙ
450 1955 531 2019 diede-
559 1957 660 2025 lnqui-
695 1956 752 2008 cell.
772 1957 977 2022 prolatatur.
1006 1961 1070 2015 Orio
1088 1964 1142 2019 1.ο.
1163 1966 1232 2021 Η,

124 2051 172 2104 hus
198 2050 226 2102 V.
253 2051 285 2103 l).
307 2049 412 2106 ¹ruanuit
438 2042 526 2112 μόνος
552 2045 660 2096 tortam
696 2054 718 2106 p.
742 2039 790 2095 47:
818 2039 848 2095 ἐκ
873 2046 926 2096 τοῦ
953 2045 1130 2102 aurorae·
1160 2053 1232 2106 θεοῦ

125 2133 259 2202 Theophili
280 2149 345 2200 ease,
365 2137 390 2184 et
408 2127 477 2190 θεός
495 2132 520 2181 in
535 2127 585 2180 fine
600 2143 660 2180 rer·
695 2122 831 2189 θέλοντος
857 2121 911 2182 κέν
938 2127 984 2184 ἐπὶ
1014 2131 1098 2200 ῥιπὰς
1127 2134 1231 2199 πλέοις.

124 2234 169 2272 eus
187 2218 340 2288 ponendum.
377 2216 484 2268 Gratius
511 2215 536 2265 in
562 2214 659 2265 Exeat·
697 2211 1006 2282 QuaproplerNauckius
1034 2221 1063 2283 (Ι.
1083 2237 1105 2272 c.
1124 2237 1149 2288 p.
1168 2221 1233 2290 383)

124 2303 175 2370 ptis
200 2319 225 2369 p.
248 2303 299 2356 755
327 2302 403 2367 legit:
490 2293 542 2352 ουίι
562 2292 619 2362 ἄρα
636 2297 651 2362 ΙΙ
697 2297 827 2350 existimat
860 2298 975 2362 Θέστιος
1009 2320 1023 2354 e
1054 2319 1131 2372 prave
1166 2307 1233 2361 leel·

122 2382 217 2455 ‘Hpaia
240 2383 407 2455 ἐφρόντισέν
432 2403 474 2445 τις
494 2377 512 2451 ἢ
531 2381 620 2450 μόνος
637 2383 652 2448 Ι)
697 2378 820 2449 Θυέστης
836 2389 919 2436 ortum
935 2401 1002 2441 esse.
1029 2387 1154 2456 Equidem
1172 2405 1233 2444 rere

126 2467 206 2536 Orda.—
696 2480 788 2520 censeo
807 2465 924 2530 Θέστιος
942 2472 972 2523 ab
991 2472 1076 2541 aliquo
1094 2475 1169 2527 huius
1182 2475 1233 2531 Ισσί

193 2559 234 2612 17.
254 2559 353 2612 Σῶοαι
426 2554 579 2622 σωτηρίαν]
606 2555 660 2607 Εο-
695 2551 792 2604 lectore
807 2555 833 2605 in
850 2556 964 2620 margine
981 2559 1104 2624 scriptum
1120 2574 1178 2614 ease
1193 2562 1233 2613 vel

123 2643 214 2714 ripidie
234 2645 348 2696 incertae
366 2642 464 2695 fabulae
482 2642 659 2706 fragmentum.
696 2651 773 2702 supra
800 2635 911 2688 lineam:
945 2638 1012 2691 unde
1038 2641 1175 2710 imperitus
1201 2644 1233 2696 li·

123 2730 253 2796 Wagnere
283 2729 315 2794 (l.
335 2744 356 2780 σ.
382 2743 406 2794 p.
424 2725 488 2792 458)
517 2739 550 2777 ex
576 2725 659 2790 Thye-
696 2720 796 2772 brarius
818 2722 845 2772 in
864 2726 1011 2774 contextum
1031 2727 1138 2793 recepit.

123 2817 162 2867 ala
179 2813 282 2867 ridetur
302 2811 486 2878 inclamasse,
507 2810 563 2878 quia
579 2811 660 2877 etqui
764 2801 806 2856 19.
831 2805 906 2860 Θεοῦ
924 2844 930 2858 .
948 2845 954 2858 .
972 2845 978 2859 .
996 2807 1092 2880 πλέῃς]
1120 2812 1182 2867 Van.
1207 2816 1233 2868 el

124 2901 241 2970 proxime
254 2897 411 2967 praecedunt
424 2901 449 2948 el
465 2896 506 2964 qui
520 2899 661 2962 sequnntur
696 2888 768 2942 Bodl.
801 2892 874 2944 θεοῦ
905 2890 1041 2957 θέλοντος
1076 2894 1148 2964 σώζη
1179 2890 1232 2954 κᾶν

121 3000 214 3038 varana
232 2984 291 3036 inde
312 2984 387 3053 petili
411 2983 471 3034 rint.
508 2981 660 3033 Matthiaeus
696 2972 852 3040 έπειρειπος
880 2978 999 3047 [uterque
1025 2982 1053 3034 in
1077 2999 1157 3050 marg.
1187 2983 1232 3040 rut

124 3069 227 3138 (llarip.
247 3073 330 3134 tragg.
350 3072 376 3120 et
393 3068 508 3132 hagana.
527 3067 556 3118 T.
572 3065 615 3116 lil.
635 3081 660 3130 p.
696 3057 790 3130 ῥιπός]
803 3059 898 3131 antipa.
917 3065 1033 3119 clauser.
1048 3070 1139 3121 vertit:
1154 3070 1231 3135 „Deo

122 3153 189 3221 386)
214 3158 240 3206 et
258 3154 400 3218 Wagnerus
418 3152 559 3218 probarunt
576 3151 660 3205 Grotii
696 3146 797 3199 volente
822 3150 977 3212 salvabitur,
1004 3154 1103 3205 etiamsi
1132 3156 1157 3206 in
1177 3155 1231 3209 Eu·

122 3240 150 3291 ia
169 3239 303 3308 Excerpll.
329 3256 356 3307 p.
374 3234 424 3288 429
451 3234 661 3301 emendationem,
696 3233 753 3300 ripa
770 3236 933 3300 navigarit:“
964 3239 1034 3303 quasi
1052 3253 1104 3291 nen
1121 3237 1166 3294 ἐπὶ
1185 3239 1231 3310 ρι-

124 3324 167 3392 qui
184 3325 262 3376 verbo
281 3325 352 3391 δοκῇ
371 3321 495 3374 addiderit
512 3341 576 3375 τινα
595 3327 621 3374 el
638 3337 661 3372 v.
695 3317 749 3380 πὸς
773 3319 818 3373 sed
845 3315 886 3373 ἐπ’
912 3319 1043 3387 Ειέρέπον
1070 3325 1121 3390 legi
1147 3326 1232 3380 vellet.

122 3408 293 3480 iscripaeril
308 3404 414 3476 πολλὴν
432 3406 533 3460 δίδωσι
547 3401 660 3473 πρόφο-
695 3402 774 3455 Gesn.
801 3405 865 3458 Duc.
890 3406 957 3458 Mar.
985 3406 1110 3462 dederunt
1135 3416 1162 3464 nt
1185 3426 1232 3465 noa

122 3510 175 3547 σιν.
196 3494 231 3545 At
247 3493 377 3546 Nauckiua
397 3492 425 3557 (l.
443 3507 465 3544 e.
483 3510 510 3561 p.
525 3491 587 3558 546)
607 3506 660 3543 nna-
696 3503 772 3554 supra
783 3491 810 3541 in
825 3494 905 3543 textu.
928 3493 1030 3547 (laeteri
1048 3496 1136 3549 editu:
1156 3499 1232 3554 Θεοῦ

119 3579 169 3631 luit
184 3573 275 3644 ἄνδρα
289 3583 347 3646 pasl
363 3572 472 3631 ὁπόταν
486 3579 536 3643 legi
550 3581 576 3629 el
590 3594 659 3642 προ·
694 3569 839 3638 θέλοντος,
859 3567 914 3627 κέν
933 3573 977 3629 ἐπὶ
996 3575 1079 3645 ῥιπός
1096 3584 1187 3652 retine,
1207 3586 1224 3653 Η

123 3660 226 3730 φάσεις
241 3661 329 3725 κοιλὰς
349 3677 401 3732 ρῐο
424 3660 527 3722 πολλὰς
545 3660 659 3729 προφά-
696 3653 785 3726 Σῶζῃ.
824 3660 917 3712 Versus
942 3676 975 3712 ex
994 3663 1126 3732 Euripidis
1147 3670 1231 3737 Thya·
1258 3684 1260 3688 '

122 3765 189 3812 ςςςς,
695 3747 735 3795 ste
753 3748 851 3796 sumtus
871 3749 918 3798 eal.
945 3747 983 3799 Gi.
1000 3764 1025 3800 n.
1041 3750 1082 3801 18.
1103 3752 1232 3808 Plutarch.

192 3834 233 3886 18.
252 3831 380 3900 Θέστιος]
403 3834 446 3886 Sic
464 3832 536 3885 codd.
557 3833 614 3884 rnsti
634 3836 660 3883 et
695 3829 761 3880 Mor.
789 3842 814 3895 p.
832 3828 898 3883 405:
924 3831 996 3898 ripe
1015 3835 1158 3903 Πίνδαρος
1177 3832 1230 3909 piri

121 3919 192 3972 edili.
221 3919 274 3973 Sed
290 3920 410 3972 Thestius
426 3919 474 3970 isle
489 3919 546 3985 quis
562 3919 659 3968 sitnon
695 3912 818 3980 uariante
844 3915 919 3970 Θεοῦ
947 3917 1081 3982 θέλοντος
1107 3917 1161 3974 κᾶν
1186 3921 1231 3977 ἐπὶ

120 4006 212 4072 liquet
246 4003 310 4057 Inde
338 4001 443 4064 Θέσπις
467 4003 559 4068 [Pauly
576 4001 659 4053 Reul-
695 3995 777 4066 ῥιπός
803 3997 907 4062 πλέοις.
952 4004 1062 4057 Nomine
1087 4011 1178 4072 poetae
1205 4013 1232 4060 el

122 4089 267 4157 Euryalup.
286 4091 312 4141 d.
331 4091 411 4141 clare.
426 4087 660 4140 Allarlhumswlaa.
695 4084 793 4136 fabulae
810 4087 904 4139 omisso
924 4089 1038 4141 eumdem
1053 4104 1154 4143 versum
1170 4107 1232 4163 pru·

120 4172 151 4224 Τ.
173 4174 216 4226 Vh
233 4189 260 4241 p.
279 4170 359 4240 1876)
385 4173 471 4225 ieraau
498 4169 659 4222 scribendum
690 4169 834 4223 nerhiahm
860 4173 969 4226 allerunt
993 4174 1079 4227 Schal.
1100 4175 1129 4227 ad
1150 4178 1231 4233 Arist.
