2836 4852
160 272 225 340 260
474 272 692 337 nortorum
713 275 964 339 ANrtocfltoNr

160 439 338 527 προσέταξεν
361 444 547 529 Σαβεσσάρφ
572 444 622 508 καί
644 444 834 530 Μιθριδάτῃ,
859 452 923 519 τοῖς
945 447 1033 521 ίδίοις
1056 449 1280 528 σωματοφάλα·

161 557 216 630 ξεν,
240 555 276 615 τά
301 551 391 630 σκεάη
407 549 442 613 τά
460 553 492 616 ἐκ
511 557 565 615 τοῦ
586 557 663 615 ναοῦ
680 550 716 602 2²
724 558 778 616 τοῦ
801 559 854 634 τῆς
873 550 1018 629 Ἰουδαίας
1037 558 1196 636 ληφθέντα
1212 555 1277 622 άπά

161 667 216 726 τοῦ
231 660 503 741 Ναβουχοδονόσορ
527 657 771 743 άπυκομισθῆναι
793 663 841 724 καλ
859 659 1045 745 α’ποτεθῆναι
1059 667 1102 740 εἰς
1118 665 1172 730 τδν
1187 663 1277 732 ναάν.

159 769 209 836 Ἐν
234 777 277 851 τῷ
304 763 360 834 οὖν
391 771 518 854 δευτέρῳ
544 771 600 832 έτει
632 768 663 806 2³
673 772 804 852 Δαρείου
832 777 997 853 πληροῦται
1022 775 1059 836 τά
1082 776 1106 837 o'
1138 777 1206 856 ἔτη,
1240 774 1277 839 τά

160 880 358 964 προειρημένα
381 874 442 941 icet
465 883 519 940 τοῦ
540 875 686 959 Ἱερεμίου.

249 995 298 1053 26.
325 984 487 1049 Ἐντεῦθεν
507 983 586 1070 δρῦν
610 987 713 1052 ιἔστιν
734 992 800 1061 ποῦς
826 984 1000 1069 άρχαιάτερυ
1019 993 1069 1055 καί
1090 988 1276 1077 άληθέστερα

161 1103 310 1162 δείκνυται
331 1093 367 1159 τά
388 1095 453 1175 ίερά
477 1089 632 1176 γράμματα
653 1099 688 1160 τά
710 1094 782 1161 καθ’
803 1095 881 1177 ἡμᾶς
903 1094 1063 1162 εἶναινῦν
1078 1097 1148 1162 καθ’
1165 1100 1277 1182 Ἕλλη·

161 1233 217 1281 νας
244 1206 294 1271 καί
323 1205 525 1286 Αἰγυπτίους,
553 1201 597 1284 δῆ
624 1207 651 1267 εἰ
676 1208 727 1268 καί
755 1229 838 1279 τινας
866 1206 985 1287 ἑτέρους
1012 1210 1305 1291 ίστοριογράφους.Β

151 1315 237 1379 ''Hcoc
264 1316 320 1398 γάρ
340 1311 501 1395 Ἡρόδοτος
522 1312 572 1374 καί
597 1316 785 1392 Θουκυδίδης
814 1310 834 1393 ἦ
863 1315 912 1377 καλ
933 1315 1082 1394 Ξενοφιῦν
1111 1313 1132 1396 ἢ
1165 1315 1277 1393 δὸπως

161 1428 192 1490 oi
212 1423 295 1488 άλλοι
318 1417 552 1503 ἱστοριογράφον,
576 1423 606 1484 oi
626 1425 746 1496 πλείους
767 1419 896 1502 ἤρξαντο
921 1421 1024 1505 σχεδδν
1044 1421 1104 1489 άπδ
1127 1431 1182 1504 τῆς
1205 1427 1275 1490 Κά-

160 1559 216 1618 ρον
238 1536 287 1597 καὶ
303 1533 434 1615 Δαρείου
452 1531 603 1610 βασιλείας
625 1526 821 1613 άναγράφειν,
845 1529 884 1612 μὴ
907 1532 1109 1613 έξισηάσαντες
1132 1537 1195 1598 cciv
1211 1561 1274 1600 πα-

155 1648 254 1709 λαιῶν
282 1641 332 1704 καί
357 1639 512 1721 προτέρων
542 1633 661 1721 χρόνων
690 1639 722 1702 τά
753 1636 874 1720 άκριβὲς
904 1643 1006 1706 εἰπεῖν.
1052 1645 1089 1706 Τί
1116 1641 1171 1726 γάρ
1199 1646 1275 1728 μέγα

158 1753 279 1831 ἔφασαν
306 1751 333 1812 εί
359 1749 425 1830 περλ
448 1749 579 1828 Δαρείου
608 1748 657 1809 καὶ
680 1742 785 1829 Κάρου
807 1754 869 1811 cciv
888 1751 963 1813 κατά
985 1751 1158 1833 βαρβάρους
1179 1757 1273 1835 βασι-

160 1862 237 1927 λέων
252 1856 371 1935 4εἷπον,
390 1853 411 1938 ἢ
424 1853 499 1918 κατά
514 1855 662 1936 Ἕλληνας
679 1853 830 1939 Ζωπῦρου
845 1859 895 1921 καλ
907 1856 1032 1944 Ἱππίου,
1055 1858 1075 1941 ἢ
1090 1861 1161 1936 τοῦς
1174 1858 1270 1944 Ἀθη-

160 1973 256 2034 ναίων
286 1969 337 2031 καί
365 1967 612 2044 Λακεδαιμονίων
640 1967 805 2045 πολέμους,
830 1964 851 2046 ἢ
880 1964 933 2039 τάς
960 1968 1072 2050 Ξέρξου
1101 1971 1222 2052 πράξεις
1251 1969 1272 2052 ἢ

161 2077 342 2139 Παυσανίου
361 2077 416 2137 τοῦ
444 2075 476 2137 έν
503 2079 547 2158 τῷ
566 2075 677 2153 τεμένει
698 2079 753 2156 τῆς
773 2071 905 2155 Ἀθηνᾶς
925 2082 1001 2160 λιμηῦ
1021 2079 1272 2160 κινδυνεύσαντος

160 2188 380 2264 διαφθαρῆναι,
402 2180 424 2262 ἢ
444 2180 479 2245 τά
501 2182 568 2264 περὶ
594 2184 790 2262 Θεμιστοκλέα
810 2185 860 2247 καὶ
882 2181 935 2248 τδν
955 2185 1085 2267 πόλεμον
1107 2187 1184 2253 ὁτάν
1205 2196 1301 2257 Ile-c

156 2294 379 2373 ›ionoovnoiom
403 2288 423 2371 ἢ
445 2289 480 2354 τά
502 2291 569 2373 περὶ
590 2287 778 2372 Ἀλκιβιάδην
798 2294 847 2356 καὶ
870 2293 1102 2376 Θρασύβουλονς
1126 2294 1197 2361 6Οά
1212 2297 1270 2381 γάρ

153 2398 313 2486 πρόκειται
334 2399 408 2482 η’μῖν
430 2399 488 2480 ῦλη
509 2402 694 2482 πολυλογίας,
719 2397 790 2464 citet
814 2404 856 2476 είς
878 2403 912 2466 τά
934 2408 1108 2485 φανεροῦσαι
1128 2403 1186 2487 τήν
1205 2411 1270 2470 τοῖν

157 2512 277 2596 χρόνων
299 2506 358 2574 άπὸ
379 2512 546 2591 καταβολῆς
568 2508 682 2589 κόσμου
705 2510 853 2591 ποσότητα
876 2514 924 2576 καλ
947 2515 1056 2596 ἐλέγξαι
1072 2512 1128 2595 τὴν
1144 2541 1271 2594 ματαιο-

152 2623 267 2686 πονίαν
294 2621 343 2684 καλ
366 2621 517 2702 φλυαρίαν
539 2622 601 2682 τοῦν
624 2619 831 2701 συγγραφέων,
861 2617 908 2684 δτι
926 2618 981 2686 οῦκ
1003 2624 1078 2687 είσλν
1100 2625 1177 2686 ἐτοῖν
1198 2622 1269 2687 οὔτε

159 2732 309 2812 δισμυρίαι
331 2728 489 2811 μυριάδες,
512 2724 555 2802 τάς
575 2722 708 2790 Πλάτων
730 2729 806 2809 ἔφη,
829 2728 901 2793 γκαλ
923 2736 1017 2794 ταῦτα
1037 2730 1095 2795 άπδ
1118 2739 1267 2796 κατακλυ-

158 2997 239 3062 -ξεν
262 2990 364 3063 (ven).
400 2995 500 3047 Pariter
524 2991 694 3063 συματοφῦ-
730 2998 784 3047 tes:
810 2989 896 3063 ἢκαί
913 3015 998 3050 τινων
1021 2994 1122 3065 ἑτέρων
1140 2995 1266 3064 ἱστοριο-

158 3083 230 3147 λαξι.
266 3081 328 3133 Ven.
347 3076 508 3146 μιθριδάτι.
727 3077 854 3148 γράφων.
871 3078 1023 3149 Ἡρόδοτος
1039 3081 1092 3150 γάρ
1110 3082 1175 3135 καλε
1201 3100 1266 3151 quoe

226 3165 268 3219 λθ.
288 3165 351 3234 τοῦ]
372 3167 436 3218 θυι.
456 3166 522 3217 Mor.
536 3165 600 3219 Feli.
619 3165 693 3217 wolf.
728 3168 803 3217 verbo
822 3167 911 3235 procul
926 3166 1001 3219 dubio
1017 3169 1200 3221 correctionem
1214 3170 1266 3221 Pe-

111 3303 113 3308 ,
158 3252 317 3314 omiserunt,
346 3251 440 3317 absquo
468 3249 539 3301 codd.
570 3253 692 3301 nostorum
727 3251 876 3318 lococoppoe
891 3253 1020 3319 praebent.
1039 3252 1090 3304 iste
1105 3268 1166 3305 vero
1179 3254 1264 3305 Theo-

158 3335 318 3388 auctoritato.
572 3365 576 3373 x
607 3371 610 3376 -
727 3336 812 3403 philus
829 3332 1005 3398 έλλειπτικῦς
1020 3338 1133 3405 protulit.
1159 3338 1196 3390 'tto
1209 3339 1264 3391 ior·

226 3419 270 3471 ²3.
288 3417 424 3486 Δαρείου]
452 3417 513 3469 Ven.
533 3417 606 3469 Bodl.
622 3420 691 3484 Pon,
727 3421 818 3471 mutem
845 3416 910 3488 ἤτοι
938 3460 945 3476 .
968 3456 1002 3472 ..
1028 3414 1046 3487 ἢ
1074 3423 1163 3487 (etiem
1188 3424 1264 3476 initio

158 3505 239 3556 Gesn.
258 3503 324 3555 Duc.
348 3504 416 3556 Mor.
451 3502 487 3554 Ac
511 3517 570 3555 vero
597 3505 691 3554 coeteri
727 3505 922 3571 enuntiationis)
947 3506 973 3557 io
992 3505 1088 3558 deliciis
1106 3507 1208 3572 habuit,
1235 3510 1264 3558 nt

150 3589 268 3646 *editores
301 3588 383 3640 textui
408 3587 496 3654 inepte
526 3589 693 3639 inseruerunt
725 3588 768 3640 tib.
788 3588 822 3639 ΙΙ.
842 3605 864 3642 c.
884 3589 926 3642 38.
946 3606 970 3642 n.
987 3590 1002 3641 1
1021 3590 1130 3642 ostendi.
1169 3591 1263 3642 Statim

156 3670 352 3740 Keiooo,‘Feiti
371 3673 550 3725 coniectorem.
587 3672 625 3723 Gi.
644 3687 690 3723 en·
726 3675 799 3725 offert
824 3671 904 3735 τινάς
927 3672 1038 3742 ἑτέρους
1065 3675 1133 3739 (scit.
1158 3680 1263 3742 praeter

155 3764 195 3811 teo
214 3775 239 3810 n.
255 3757 287 3810 17
304 3773 317 3808 o
336 3773 376 3809 me
395 3759 535 3808 observata.
725 3759 783 3810 ittos
799 3760 825 3809 in
843 3760 1008 3812 antecedente
1027 3760 1189 3827 expositione
1205 3775 1261 3811 me-

221 3843 247 3894 1.
268 3839 353 3910 ίστιν]
373 3842 449 3905 Von.;
468 3841 534 3906 ιυΙς.
554 3837 620 3894 ἐστι.
671 3908 680 3913 ἢ
725 3846 864 3912 moratos):
883 3845 1040 3896 Herodotum
1058 3850 1106 3897 etc.

222 3928 248 3980 ².
266 3920 286 3993 ἢ
304 3926 492 3985 electuros
510 3922 688 3989 ἑτέρουςλστ.
792 3929 817 3980 3.
845 3923 933 3998 ὅπως]
958 3930 992 3982 Η.
1011 3946 1034 3982 e.
1060 3930 1123 3982 oder
1146 3933 1195 3982 wie
1220 3930 1261 3983 die

146 4007 230 4067 ’.Ἤτοι
252 4007 305 4079 γάρ
330 4004 370 4064 Ἡ.
389 4007 449 4076 καί]
476 4010 538 4061 Ven.
564 4014 591 4062 et
613 4009 687 4062 Bodt.
723 4012 830 4079 norigen
850 4013 1134 4066 Geschichtsschreiher
1155 4016 1261 4068 treiescn

154 4084 181 4149 et
203 4096 272 4148 editi.
308 4093 459 4162 Excipiendi
486 4099 546 4146 sunt
571 4095 634 4146 iiior.
662 4096 687 4146 et
722 4098 825 4163 mogon.
860 4099 982 4150 Fortasse
1002 4092 1082 4160 ὅλως.

153 4179 297 4247 Horonon,
323 4192 379 4230 curn
404 4177 462 4230 Per.
489 4182 687 4248 repraesenten-
744 4238 747 4244 ,
791 4179 817 4233 4.
835 4177 1004 4252 sinenti]
1023 4185 1261 4254 zopyrontio-
