2836 4852
488 288 873 368 Pllohhtlohlltllh
1160 314 1237 375 xxv
1353 328 1358 342 ι

126 483 231 556 'l'om
251 481 295 555 ll.
312 502 348 576 p.
367 484 458 574 113)
483 502 525 554 se
543 480 744 574 Theophili
762 483 963 576 exemplar,
989 495 1037 554 ex
1053 503 1127 574 quo
1143 487 1236 560 editi

125 610 309 703 fluxerint,
334 609 521 678 invenisse
540 606 578 677 in
597 607 823 679 bibliotheca
837 607 1018 678 Matthiae
1038 608 1234 709 (Corvini),

126 733 386 825 hungarorum
420 732 531 823 regis.
582 731 655 802 Ubi
678 731 808 825 hodie,
833 733 866 802 sl
890 739 1078 828 superest,
1104 748 1233 808 assert-

64 945 68 952 ,
123 864 237 929 vetur
261 858 395 929 nescio.
446 857 551 926 Illius
575 857 669 926 enim
692 854 958 950 bibliothecae,
984 854 1144 932 Budae
1168 882 1234 935 as-

125 990 319 1077 servatae,
353 983 470 1052 libros
498 1001 607 1070 quum
632 981 696 1051 alii
719 987 796 1053 tum
823 979 969 1052 Turcae
994 985 1234 1067 abstulerunt

125 1105 168 1177 Iu
202 1107 370 1198 margine
392 1106 579 1177 editionis
614 1106 771 1195 praebet
803 1103 992 1177 Gesnerus
1027 1128 1235 1201 perpaucas

125 1232 366 1302 coniecturas.
392 1231 558 1303 'Passim
590 1236 731 1301 textum
761 1231 900 1302 codicis
928 1232 1039 1304 tacito
1069 1239 1232 1334 mutavit,

124 1363 166 1425 ut
188 1376 208 1425 e
232 1356 406 1426 versione
420 1355 678 1427 -Olanseriana
706 1356 881 1445 patescitt
907 1355 954 1427 ci.
979 1378 1073 1446 quae
1098 1363 1233 1436 obser·

123 1480 214 1549 vavi
238 1481 288 1550 ad
310 1480 372 1548 lib.
390 1478 416 1548 l.
441 1500 471 1548 c.
487 1482 522 1548 9.
543 1500 577 1548 n.
595 1481 630 1571 ll,
656 1480 718 1547 lib.
734 1477 779 1548 ll.
803 1499 833 1548 c.
851 1481 885 1549 2.
909 1501 943 1549 n.
958 1481 993 1573 3,
1019 1501 1050 1551 c.
1066 1484 1124 1553 10.
1144 1508 1180 1556 n.
1195 1489 1231 1583 3,

124 1622 156 1672 e.
179 1604 238 1672 12.
264 1623 298 1670 n.
314 1604 379 1694 11,
406 1622 437 1672 e.
457 1605 515 1674 18.
541 1605 633 1695 md,
657 1601 720 1671 lib.
737 1600 799 1671 111.
824 1606 905 1673 cl.
929 1604 1012 1674 nb,
1029 1605 1070 1699 5,
1094 1628 1125 1680 o.
1142 1611 1176 1681 7.
1196 1626 1231 1684 ιι.

123 1730 158 1820 b,
183 1745 214 1797 o.
230 1727 290 1796 12.
314 1727 425 1820 ιι.11,
452 1746 483 1797 c.
499 1726 560 1797 20.
580 1745 615 1794 n.
630 1725 690 1796 15.
707 1727 766 1796 19.
781 1728 842 1821 21,
868 1727 974 1800 c2b.
994 1749 1028 1799 n.
1046 1731 1104 1826 16,
1126 1753 1156 1805 e.
1171 1737 1231 1808 2'1.

123 1849 243 1921 n.15.
279 1871 282 1876 ’
889 1877 894 1884 ·
1054 1902 1058 1907 »

224 1973 362 2052 lterum
387 1994 480 2065 opus
496 1972 697 2066 Theophili
711 1975 850 2065 prodiit
869 1976 908 2045 ln
925 1975 997 2049 hac
1012 1982 1230 2058 collectione

123 2096 364 2170 a=loanne
400 2098 621 2170 Heroldo
658 2105 809 2189 parata:
844 2096 1231 2201 „Orthodoxographa

123 2224 336 2315 theologiae
369 2229 627 2295 sacrosanctae
659 2245 704 2294 ao
736 2225 959 2315 syncerioris
979 2225 1066 2300 fidei
1088 2231 1230 2304 Docto-

123 2367 186 2420 res
219 2367 370 2420 numero
398 2344 581 2417 LXXV1“
611 2354 680 2418 etc.
707 2348 882 2421 Basileae
912 2352 998 2442 (per
1030 2353 1229 2432 Henrioum

121 2473 243 2562 Petri)
261 2493 293 2543 a.
312 2472 422 2555 1555,
443 2472 523 2542 llol.
544 2492 580 2562 p.
596 2470 818 2542 285-2350:
851 2479 1044 2563 »Θεοφίλου
1069 2484 1229 2568 &solerer

120 2597 348 2665 παλαιοτάτου
376 2595 461 2682 πρὸς
486 2593 676 2663 Αὐτόλυκον
704 2598 815 2680 βιβλία
841 2599 955 2683 τρία.“
992 2635 1037 2648 -
1087 2600 1229 2678 Textua

120 2738 291 2812 graecus,
316 2717 375 2787 cui
394 2715 519 2786 versio
542 2716 658 2786 latina
681 2715 844 2788 Conradi
866 2715 1034 2789 Clauseri
1057 2725 1107 2794 ad
1131 2727 1229 2800 latus

119 2845 267 2914 adiecta
291 2849 359 2934 est,
387 2860 470 2910 cum
492 2839 588 2910 notis
615 2835 880 2930 marginalibus
906 2863 953 2915 ex
977 2844 1137 2921 editione
1158 2851 1229 2924 'li-

120 2969 253 3060 gurina
277 2965 456 3057 repetitus
480 2971 548 3035 est.

220 3091 323 3162 Idem
354 3088 553 3180 Theophili
579 3109 679 3179 opus·
701 3088 742 3161 in
772 3091 873 3163 calce
909 3089 1071 3184 Operum
1100 3095 1229 3172 Iustini

120 3218 214 3289 Phil.
248 3222 286 3286 et
318 3213 431 3285 Mart.
458 3236 532 3285 uua
562 3235 644 3286 cum
669 3213 932 3306 Athenagorae
958 3214 1106 3291 'l'atiaui
1129 3222 1228 3296 Her·

119 3342 216 3413 miae
242 3339 391 3430 scriptis
417 3339 538 3410 emisit
569 3339 824 3408 hunualdus
848 3337 1092 3415 Monachus
1116 3346 1228 3420 Pari-

119 3469 184 3539 siis
213 3485 309 3537 anno
336 3463 445 3534 1615.
472 3464 552 3538 llol.
580 3463 748 3553 Append.
771 3482 808 3552 p.
833 3464 1025 3538 69-140
1052 3475 1109 3563 et,
1134 3473 1227 3545 loeis

119 3592 261 3679 aliquot
287 3588 508 3682 emendatis,
541 3588 662 3657 denuo
687 3586 797 3657 1636.
828 3586 908 3659 Εοι.
936 3591 1106 3683 Appeud.
1142 3597 1227 3689 (iis-

122 3718 206 3786 dem
233 3713 379 3805 paginis
407 3712 583 3803 servatis)
614 3733 650 3802 p.
676 3711 884 3782 tte-llo:
922 3719 1116 3806 »Θεοφίλου
1142 3724 1227 3812 πρὸς

118 3839 346 3909 Abitouorf‘
373 3875 425 3889 -
469 3835 624 3906 Textum
655 3836 826 3907 editionis
856 3837 1056 3928 Tigurinae
1085 3845 1225 3931 absque

118 3961 216 4031 notis
246 3960 432 4054 exhibuit,
471 3959 524 4030 ita
552 3962 691 4055 tamen,
725 3967 767 4030 ut
802 3963 1032 4035 coniecturas
1070 3963 1226 4035 Gesnerl

117 4085 345 4177 marginales
368 4086 405 4154 in
429 4104 509 4155 eum
534 4084 627 4154 clam
650 4085 873 4166 admitteret.
906 4087 1110 4158 Praeterea
1132 4107 1226 4160 ver-

118 4211 260 4284 sionem
293 4208 463 4294 Glauseri
489 4206 635 4280 adiecit.
684 4206 864 4297 Equidem
891 4210 1047 4281 alterius
1078 4207 1238 4321 hierel-¹
