2836 4852
462 1184 911 1274 PRAEFATIO.

595 1417 784 1432 5·—

135 1567 374 1676 Theophilus
393 1583 655 1678 Antiochenus,
679 1585 858 1655 communi
878 1585 1009 1674 dignus
1031 1587 1141 1656 laude
1161 1609 1240 1662 cum

135 1709 274 1780 lustino
296 1710 451 1798 aliisque
475 1711 710 1780 venerandae
739 1709 965 1798 antiquitatis
987 1712 1155 1799 patribus
1180 1716 1241 1804 qui

135 1833 318 1926 apologiis
359 1832 595 1904 christianam
636 1837 835 1904 tuebantur
875 1834 1113 1929 religionem,
1155 1847 1242 1928 post

136 1958 315 2028 Wolfium
337 1965 375 2029 et
392 1956 604 2052 Maranum,
629 1959 763 2029 abhinc
782 1979 897 2029 annos
919 1964 1065 2031 contum
1086 1967 1123 2032 et
1141 1966 1241 2052 quod

134 2085 308 2178 excurrit,
332 2082 434 2153 haud
457 2084 596 2172 ruperit
619 2084 680 2172 qui
707 2104 799 2175 opus
825 2084 940 2174 ipsius
970 2088 1240 2176 apologeticum

23 2189 26 2192 ’
136 2211 228 2303 „ad
261 2205 585 2300 Autolycum“
622 2213 659 2278 et
694 2210 909 2279 emendaret
947 2214 985 2278 et
1024 2212 1239 2300 explicaret.

135 2323 326 2422 Utcunque
357 2337 575 2404 studuerunt
608 2333 644 2404 ei
671 2332 853 2403 inservire
885 2333 957 2402 viri
985 2334 1123 2406 literati
1149 2347 1241 2427 quos

135 2459 243 2529 modo
268 2460 487 2529 memoravi:
515 2459 799 2529 desiderabatur
824 2463 924 2527 certe
947 2458 1061 2528 editio
1085 2462 1241 2550 (scilicet

134 2603 181 2654 ex
208 2584 427 2654 editionibus
450 2605 474 2654 a
496 2581 640 2652 Wolfio
671 2590 708 2650 et
735 2579 893 2648 Marano
926 2582 1119 2650 adornatis
1145 2605 1241 2674 pen-

135 2709 199 2777 det
222 2709 366 2778 omnino
384 2706 656 2797 Humphreiana
677 2700 795 2794 nuper
819 2678 968 2793 emissa)
989 2725 1085 2793 quae
1103 2727 1243 2780 summa

134 2851 215 2901 cum
247 2831 396 2919 ἀκριβείᾳ
429 2836 570 2902 textum
600 2830 660 2919 qui
692 2829 826 2899 dicitur
853 2831 901 2899 ad
935 2826 1045 2899 iidem
1070 2832 1242 2922 antiquo-

133 2977 214 3027 rum
248 2956 395 3026 testium
432 2961 734 3046 repraesentaret
767 2974 811 3023 ao
846 2953 940 3023 lueis
974 2957 1058 3043 plus
1089 2957 1242 3032 afferret

132 3079 333 3150 sententiis.
385 3079 573 3151 Eiusmodi
598 3081 793 3150 editionem
819 3085 860 3149 ut
887 3077 1105 3168 perficerem
1133 3085 1241 3172 eqni-

134 3206 217 3276 dem
242 3208 508 3275 conatussum.
993 3183 997 3190 ¹

235 3325 363 3398 Omnia
389 3329 545 3399 in'hunc
571 3328 678 3399 finem
704 3329 917 3418 comparavi
939 3330 1076 3401 auxilia
1102 3332 1239 3404 critica.

132 3452 215 3524 Nec
254 3472 404 3544 possum
444 3454 529 3543 quin
564 3453 656 3523 viris
695 3473 924 3542 summopere
961 3457 1143 3550 colenda,
1180 3459 1241 3548 qui

133 3575 258 3647 officia
289 3577 387 3648 circa
414 3578 661 3670 Theophilum
688 3578 775 3647 mihi
802 3579 1086 3673 praestiterunt,
1120 3584 1241 3654 maxi-

132 3721 210 3775 mas
233 3704 357 3792 palam
382 3704 522 3794 gratias
549 3723 667 3796 agam,
691 3702 857 3792 inprimis
882 3701 1018 3774 Garolo
1038 3704 1239 3777 Benedioto

131 3826 249 3921 Hace,
275 3826 435 3897 instituti
460 3827 639 3898 Franciae
663 3826 764 3896 socio
792 3827 888 3897 etin
912 3828 1143 3899 Bibliotheca
1164 3831 1240 3902 lm-

131 3950 323 4041 peratoria
351 3951 520 4023 Parisina
544 3951 812 4044 conservatori,
848 3961 885 4024 et
912 3952 1072 4044 losepho
1097 3954 1240 4028 Valen-

130 4074 267 4168 tinelli,
292 4075 546 4149 Bibliothecae
570 4074 782 4146 Marcianas
807 4079 1009 4165 praefecto.
