2836 4852
459 258 517 323 Al)
538 252 783 324 neuoulcuul
810 256 888 324 Llll.
909 259 962 324 til.
1202 261 1267 330 249

157 433 244 493 annis
267 435 325 506 32,
345 433 488 513 ropnceit
507 435 596 494 annis
618 436 670 495 te.
714 435 797 521 Huic
818 435 963 496 successit
986 433 1190 516 Pyymulicn,
1214 437 1267 517 poi

155 542 235 604 αἰαίί
263 542 351 601 annis
378 544 419 602 56
454 551 483 604 et
512 545 653 623 ropnom't
682 544 770 605 unceis
799 547 847 619 7„
882 544 1025 624 septimo
1053 551 1152 604 nutem
1185 563 1267 604 nnnc

153 652 243 731 παραὶ
264 653 327 712 einr
347 653 379 711 in
405 652 536 734 Lybinm
559 656 701 734 prosopa
727 653 828 715 urbem
860 651 1006 713 condidit
1036 673 1113 733 prauo
1141 653 1184 713 orl
1206 653 1267 715 lton

153 779 247 840 usqne
278 769 395 840 tempos
428 759 589 841 Cunttupo
621 760 809 841 appellatur.
865 762 1011 822 Continet
1043 764 1140 839 igitur
1175 781 1266 824 omne

153 874 277 947 tempus
306 871 346 930 ab
375 870 512 931 Hieroni
539 888 638 948 reguo
668 888 766 948 usque
794 873 835 932 nd
864 872 1019 932 conditam
1043 871 1266 949 Carthaginem

155 995 253 1038 annos
287 982 364 1055 155,
403 997 526 1040 menses
561 985 642 1042 cctc.
698 981 890 1042 Duodecimn
924 983 1027 1042 nutem
1064 997 1144 1040 enno
1177 982 1266 1059 regis

153 1088 292 1149 Hieromi
321 1090 518 1150 aedificatum
548 1094 598 1150 est
628 1092 775 1168 templum
798 1091 1134 1169 Hierosolymitnnum:
1165 1092 1209 1151 ite
1232 1094 1267 1151 ut

153 1200 333 1264 universum
359 1202 482 1276 tempus
511 1200 551 1260 nb
575 1202 755 1260 constructo
778 1202 896 1279 templo
919 1217 1018 1276 usque
1045 1200 1087 1259 ed
1109 1201 1265 1260 conditum

154 1306 375 1384 Carthaginem
398 1307 617 1387 complectitur
639 1325 737 1369 annos
762 1312 841 1385 133,
863 1325 987 1369 menses
1008 1311 1092 1370 octo.

161 1456 163 1462 -
241 1419 292 1476 23.
333 1416 381 1475 Ex
411 1418 600 1479 Phoenicum
635 1433 711 1498 ergo
745 1420 778 1476 et
810 1418 1042 1496 Aegyptiorum
1075 1418 1265 1495 testimonio,

154 1527 316 1602 quomodo,
338 1527 505 1585 retulerint
534 1528 573 1587 de
606 1543 709 1586 rerum
733 1528 912 1586 nostrerum
938 1525 1134 1603 temporibus
1155 1526 1266 1586 Mane·

154 1633 225 1694 llos
254 1635 433 1711 Aegyptius
463 1638 496 1694 et
524 1635 695 1696 Menander
724 1634 900 1713 Ephesius,
931 1653 991 1695 nec
1020 1651 1081 1695 non
1112 1632 1266 1713 Iosephus

155 1745 206 1818 qui
230 1745 347 1804 bellum
370 1745 494 1804 ludaeis
516 1761 534 1802 a
557 1745 704 1804 Romanis
731 1745 852 1805 illatum
875 1746 979 1805 literis
1000 1744 1176 1821 mundavit,
1205 1761 1266 1804 no·

153 1854 203 1913 bis
226 1854 384 1932 sufiiciunt
410 1870 492 1930 quae
520 1855 663 1915 diximus.
685 1843 688 1847 ’
707 1853 756 1914 Ex
786 1849 833 1916 his
864 1856 945 1916 enim
977 1855 1029 1931 qui
1051 1854 1170 1929 antiqui
1193 1836 1266 1914 sunt

143 1962 246 2045 etiem
270 1967 466 2025 caeterorum
495 1965 614 2040 scripta
645 1965 684 2024 iis
707 1981 795 2040 quae
814 1982 873 2042 per
894 1965 1004 2025 Mosen
1033 1964 1126 2023 nobis
1148 1957 1266 2025 traditu

153 2075 225 2131 sunt
252 2074 430 2132 recentiora
461 2089 532 2132 esse
562 2074 812 2152 demonstretur,
842 2075 932 2134 immo
961 2077 995 2133 et
1022 2073 1188 2151 prophetis
1212 2048 1265 2149 qui

153 2184 265 2257 poetes
288 2181 431 2260 inerunt3
455 2199 525 2242 unm
547 2184 601 2259 qui
623 2183 749 2244 ultimus
771 2182 998 2261 prophetarum
1017 2183 1077 2244 luit
1093 2185 1265 2245 Zachariae

154 2463 245 2539 Λιβύῃ
264 2463 346 2522 πόλιν
364 2465 449 2538 punt.
467 2472 524 2521 orl.
563 2469 623 2521 Per.
642 2482 689 2538 pro
726 2472 775 2520 est.
803 2468 866 2520 Tum
878 2467 954 2522 Bodl.
969 2465 1037 2533 ioca,
1055 2483 1106 2521 non
1121 2466 1170 2524 ἔτι.
1197 2470 1265 2524 Dein

154 2555 284 2620 φυγοῦσα
297 2555 373 2607 lnnbet
386 2551 494 2623 poyeio,
512 2555 622 2620 ineptum
639 2554 689 2606 Pe·
727 2553 791 2607 Vcn.
808 2547 974 2619 Ἰώσηπος,
993 2551 1068 2604 uun.
1082 2552 1142 2604 Pur.
1160 2557 1185 2604 el
1202 2553 1263 2606 edili

153 2639 305 2707 lueeoeppue
319 2639 531 2694 emendationem.
550 2640 603 2693 Pro
618 2633 689 2708 ῷκο-
724 2632 884 2699 Ἰώσιππορ.
909 2636 1017 2688 Rectius
1031 2635 1187 2689 scriberetur
1205 2631 1265 2690 'loe'-

154 2723 275 2792 δόμησεν
299 2725 376 2790 (Ven.
395 2724 483 2792 Bell.)
509 2724 569 2776 edili
588 2727 691 2791 praeter
726 2738 822 2790 onnon.
857 2721 916 2775 Non
934 2724 1018 2785 mute,
1044 2735 1120 2788 quum
1146 2724 1172 2773 et
1197 2719 1264 2789 cpuil

155 2810 236 2864 Gesn.
257 2814 283 2860 et
300 2809 367 2860 llor.
387 2825 460 2861 —cn
726 2808 940 2876 nlicereperietur
952 2799 1116 2873 Ἰῶσηπαορ.
1143 2806 1183 2860 ct.
1200 2807 1264 2859 lust.

222 2891 265 2945 21.
288 2889 335 2959 ἔτη
354 2889 421 2956 cly']
441 2893 503 2944 Ven.
522 2891 596 2944 Bodl.
616 2892 691 2958 Par.;
726 2893 832 2947 celeri.
847 2892 878 2944 ed
891 2891 980 2944 Genlt.
998 2890 1049 2943 cll
1069 2890 1160 2960 (corp.
1176 2891 1263 2960 Apoll.

154 2983 187 3032 cl.
211 2995 287 3046 snpra
314 2995 340 3030 n.
358 2979 383 3030 4.
427 2977 508 3033 Gesn.
535 2978 598 3030 unc.
624 2979 690 3031 lllcr.
726 2979 782 3032 Vol.
799 2977 853 3045 Ill)
871 2992 897 3045 p.
910 2975 953 3030 ll.
972 2993 997 3030 n.
1012 2977 1053 3030 13.

153 3064 321 3116 Feltritiose
334 3060 380 3131 iun
394 3060 596 3130 φ1γ’(;533),
615 3063 690 3115 Wull.
794 3063 820 3116 2.
839 3056 959 3130 μεταξΰ]
978 3062 1161 3127 Hennensem,
1179 3059 1264 3129 paullo

153 3152 220 3203 Mor.
238 3150 363 3218 Humplrr.
383 3165 417 3217 eu
434 3149 484 3201 los.
504 3145 551 3216 ἔτη
567 3143 627 3215 ρμρ’
644 3148 690 3213 (:
725 3150 955 3220 metropolitem,
975 3158 1062 3216 'noque
1082 3144 1154 3198 editt.
1179 3159 1264 3214 neque

155 3233 230 3302 143).
725 3237 848 3305 interprr.
866 3234 1059 3287 intellexerunt.
1090 3232 1201 3285 Consule
1218 3231 1263 3288 lib.

156 3361 160 3367 »
725 3317 914 3376 lemni

222 3405 248 3457 1.
276 3406 334 3470 Τῆς
351 3401 402 3470 μὲν
418 3404 488 3472 nrt]
515 3403 610 3456 Eodem
634 3405 690 3456 iere
793 3405 820 3459 3.
846 3397 980 3472 ἤκμασεν]
1010 3403 1073 3455 ten.
1099 3396 1264 3470 ἤκρίμασεν,

154 3491 231 3544 verbe
251 3489 378 3557 losephue
404 3504 426 3541 c.
445 3489 495 3554 Αρ.
515 3488 537 3540 1.
562 3503 583 3540 c.
603 3487 645 3540 18.
663 3503 690 3554 p.
726 3489 859 3557 genuinum
885 3489 1001 3541 indicens
1026 3488 1178 3554 lectionem3
1205 3502 1263 3541 cor·

154 3573 204 3627 193
216 3573 389 3640 superioribus
403 3571 546 3637 subiungit:
567 3572 626 3639 Τῆς
639 3568 691 3636 pin
725 3579 812 3628 rector
829 3574 880 3638 legi
900 3574 988 3625 meluit
1008 3567 1154 3640 η’κρίβασε.
1187 3571 1263 3630 Boil.

154 3649 208 3714 οὖν
226 3652 306 3724 παρὰ
326 3657 466 3711 Φοινίκων
484 3657 643 3723 μαρτυρίας
663 3657 691 3711 τί
726 3665 752 3713 et
772 3661 830 3713 Per.
849 3655 997 3727 ἠκρίβωσε.
1024 3659 1068 3710 Sic
1087 3658 1162 3711 ellum
1181 3658 1262 3713 Geso.

154 3745 199 3798 tit
223 3745 394 3810 προσθεῖναι
421 3742 524 3803 πλείας
549 3769 583 3779 -
610 3743 690 3809 Vulgo
726 3745 790 3797 Duc.
806 3743 875 3796 Mor.
893 3743 975 3809 ller.;
1000 3743 1108 3795 coniecit
1133 3757 1194 3795 uero
1220 3741 1263 3796 ille

153 3824 334 3896 ἱστορήκασι,
361 3841 412 3878 non
430 3842 510 3877 -σιν
535 3824 641 3894 (len),
665 3831 691 3879 et
726 3828 809 3881 editor
841 3827 981 3896 princepe,
1011 3827 1038 3878 iu
1067 3842 1146 3894 marg.
1176 3826 1264 3879 ilicone

153 3914 316 3975 Μαναιθῶς
336 3926 381 3979 pro
401 3908 496 3972 -θῶρ
514 3911 615 3977 (ven).
650 3911 690 3966 ct,
726 3913 832 3979 ‚,loreeu
857 3903 991 3979 ἦκμασε.“
1025 3910 1061 3964 ut
1077 3911 1103 3964 nl
1120 3911 1203 3964 textui
1223 3911 1265 3962 ln·
1312 3964 1315 3969 ,

153 3997 232 4052 nuo.
250 4000 316 4053 mli.
345 3998 407 4057 Ven.
423 3997 539 4050 etllctl.
559 4011 610 4050 non
628 3997 689 4052 Mi·
726 4000 865 4050 senuerunt
880 3996 948 4051 Feli.
969 3994 1044 4049 wolf.
1062 3995 1188 4063 llumphr.
1223 3994 1263 4047 lte

153 4084 276 4149 νανδρος
289 4081 532 4149 ρεαμαίνανδρος,
551 4082 617 4150 quod
632 4083 689 4152 qui·
724 4095 753 4134 re
778 4080 810 4134 et.
837 4079 964 4134 clement.
983 4080 1060 4135 Alex.
1081 4079 1178 4134 Slrcm.
1198 4078 1218 4130 l.
1239 4094 1262 4138 c.

154 4167 211 4222 dem
231 4167 315 4221 inille
335 4183 348 4218 n
367 4171 513 4220 correclore
532 4167 690 4222 emendatum
724 4167 767 4221 21.
786 4164 965 4235 §.lenm
983 4164 1041 4220 129.
