2836 4852
463 277 519 340 hl)
542 274 885 338 senonicum-Lis.
904 272 957 335 lll.
1201 268 1264 344 241

153 449 284 528 gyptius
305 441 455 515 celebres
473 446 609 525 inerunt,
632 447 775 507 seniores
797 464 870 507 esse
890 449 999 524 pateat
1014 447 1188 529 Hebraeos,
1202 457 1263 530 'qui

155 561 189 618 et
209 559 345 618 maiores
367 557 469 615 nostri
490 559 577 632 suut,
608 557 761 631 nobisque
791 546 884 615 etiam
907 573 1018 617 sacros
1040 558 1141 618 libros
1163 553 1263 622 omni·

154 669 230 743 bus,
259 671 412 743 utsupra
441 666 590 742 diximus,
620 667 829 743 scriptoribus
856 667 1051 741 antiquiores
1078 671 1262 731 transmise-

153 779 236 838 runt.
281 775 421 853 Aegypti
450 780 552 835 autem
581 776 670 851 regio
703 776 786 834 dicta
815 777 865 834 est
888 793 905 833 a
928 792 1007 851 rege
1028 775 1161 854 Sethos;
1191 797 1261 840 nam

154 886 280 962 sethus,
302 893 337 945 ut
360 885 455 960 aiunt,
478 886 559 944 idem
581 887 672 943 sonat
695 901 732 943 ac
752 882 929 960 Aegyptus.
975 883 1053 944 lluic
1074 889 1178 946 autem
1201 889 1262 950 Se-

153 995 226 1055 tbos
256 995 357 1054 irater
387 991 446 1052 init
474 995 595 1052 nomine
619 993 763 1069 Armui'sp
799 997 827 1051 is
849 993 976 1052 Danaus
1007 997 1188 1071 appellatus
1211 1004 1262 1059 est

154 1105 208 1181 qui
229 1104 335 1180 Argos
357 1104 468 1164 relicta
491 1104 640 1181 Aegypto
663 1104 767 1180 venit,
797 1105 985 1163 memoratus
1008 1106 1093 1181 apud
1116 1112 1261 1170 caeteros

153 1215 327 1291 scriptores
350 1216 384 1274 ut
406 1213 529 1273 omnino
553 1214 708 1288 antiquus.

242 1327 292 1383 21.
321 1322 486 1382 Manetbos
516 1325 636 1395 nutem,
667 1319 719 1398 qui
740 1323 839 1380 multa
862 1322 893 1379 in
917 1322 1057 1382 fauorem
1082 1315 1261 1404 Aegyptio-

152 1450 221 1494 rum
241 1433 377 1509 nugatus
397 1437 465 1508 est,
490 1435 581 1491 immo
605 1433 699 1490 etiam
722 1430 936 1507 blasphemias
960 1432 991 1489 in
1013 1432 1122 1491 Mosen
1143 1437 1176 1494 ei
1197 1436 1262 1496 lle·

153 1544 287 1618 bracos,
317 1541 369 1615 qui
399 1558 465 1600 oum
493 1557 532 1600 eo
555 1543 664 1615 eraut,
692 1539 821 1616 effutiit,
851 1540 940 1615 quasi
962 1540 1002 1598 ob
1028 1541 1150 1617 lepram
1170 1546 1265 1606 eieoii

153 1669 195 1712 ex
217 1651 366 1728 Aegypto
385 1650 537 1725 inissent,
560 1665 620 1709 non
643 1650 748 1726 potnit
770 1650 947 1707 ancoratum
970 1652 1144 1727 temporum
1164 1636 1263 1716 ratio·
1367 1675 1372 1679 ·

152 1776 223 1820 nem
254 1760 414 1820 exhibere.
459 1760 506 1819 Ae
535 1761 684 1835 pastores
716 1759 839 1834 quidem
868 1770 923 1816 eos
953 1756 1061 1819 disens
1090 1764 1123 1820 et
1153 1763 1262 1825 hostes

154 1869 399 1950 Aegyptiorum,
424 1869 547 1927 nornine
570 1870 730 1944 pastorum
756 1867 871 1926 invitus
895 1867 991 1944 dixit,
1024 1873 1153 1931 coaetus
1175 1876 1263 1933 veri·

154 1982 237 2054 tete;
260 1981 351 2039 crant
373 1978 453 2037 enim
473 1995 588 2037 revera
608 1981 756 2054 pastores
779 1978 879 2035 nostri
901 1978 1047 2055 maiores,
1068 1981 1121 2055 qui
1142 1982 1174 2040 in
1196 1984 1263 2044 Ae-

154 2090 253 2166 gypto
276 2089 458 2148 commorati
482 2089 571 2163 sunt,
602 2087 742 2145 sednon
765 2087 895 2163 leprosi.
939 2081 1016 2145 Nam
1039 2105 1131 2164 quum
1154 2073 1263 2153 venis·

154 2201 225 2257 sent
247 2199 276 2257 in
299 2200 415 2257 terram
439 2213 519 2272 quae
543 2200 675 2256 vocatur
697 2196 934 2272 Hierosolyma,
956 2197 1010 2256 ubi
1033 2199 1125 2257 eiiam
1149 2206 1261 2276 postea

154 2307 352 2382 habitarunt,
375 2309 448 2367 nota
471 2289 525 2366 res
547 2309 597 2364 est
619 2306 774 2379 quomodo
798 2321 911 2364 eorum·
926 2306 1126 2383 sacerdotes,
1148 2325 1188 2368 ex
1212 2312 1263 2371 dei

154 2488 203 2540 iem
218 2486 603 2554 Wolimonuiilegendnmiu
619 2490 691 2538 textu
726 2485 765 2534 nis
784 2498 859 2535 conso
882 2485 950 2536 illato
969 2488 1023 2549 est)
1049 2484 1185 2551 ποιμένας
1203 2494 1262 2543 sci.

155 2573 250 2638 posuit.
375 2622 376 2625 ,
614 2581 616 2586 ’
727 2568 834 2619 Consum
849 2569 945 2620 erroris
959 2569 1032 2621 facile
1045 2571 1186 2636 cognoscis.
1212 2566 1272 2626 Paae'

226 2658 251 2711 3.
270 2653 470 2727 ἐκβληθέντας]
494 2658 557 2708 Vsu.
574 2659 602 2708 ei.
618 2655 692 2708 Bodl.
726 2653 792 2704 riter
813 2657 842 2705 ut
857 2666 933 2720 supra
947 2654 1066 2706 bleranus
1081 2656 1162 2707 locrnm
1177 2672 1263 2710 emcn—

156 2740 692 2813 teutoniam,contemnemur,quom
727 2738 956 2805 tantummono,
975 2740 1023 2791 nisi
1043 2741 1109 2807 quod
1127 2741 1264 2808 ποιμένας

154 2829 290 2883 lectionem
310 2826 481 2895 Palaaocappu
501 2827 600 2878 uidetur
617 2824 692 2876 indu·
727 2820 778 2890 μὲν
804 2823 892 2876 rrtsluit
915 2838 961 2890 pro
987 2820 1020 2876 τό
1042 2821 1094 2891 μὲν
1118 2827 1264 2894 ποιμένας.

155 2915 228 2967 uisse
252 2913 284 2965 ob
312 2905 382 2964 ὅστε
407 2910 566 2979 praecedens
592 2911 631 2976 (n.
653 2909 691 2976 2).
728 2910 854 2979 llumphr.
873 2909 1075 2962 emendationem
1095 2916 1177 2966 textui
1193 2916 1265 2968 inse·

156 2997 230 3051 Editi
260 2993 464 3064 ἐκβληθέντος,
495 2999 598 3063 praeter
627 2995 692 3048 buc.
727 2994 796 3047 ruit:
829 2998 902 3061 quem
930 2998 1033 3047 secutos
1059 3011 1131 3063 sum,
1158 2999 1185 3050 in
1211 3000 1266 3052 solo

155 3081 226 3135 Feli.
256 3083 331 3136 Woli.
359 3082 503 3148 llnmphr„
536 3081 579 3148 qui
608 3097 694 3141 -ταρ
728 3069 908 3144 verbosique
935 3079 966 3131 ab
986 3093 1016 3131 cc
1033 3081 1265 3151 recedens,quod

156 3170 321 3236 receperunt.
348 3167 431 3219 litium
449 3165 575 3234 Iosephus
592 3164 609 3216 l
628 3181 650 3217 e.
671 3181 693 3217 ο.
729 3171 815 3217 eostre
835 3164 948 3216 codicum
967 3167 1143 3218 securitatem
1160 3169 1186 3220 in
1203 3159 1266 3236 solea

156 3251 200 3306 tii.
218 3268 244 3320 p.
258 3251 310 3304 209
328 3251 475 3305 memoravit
487 3250 648 3303 lilroctbonis
662 3249 693 3302 de
729 3250 841 3302 enotavit.
861 3249 998 3302 Caeterum
1017 3251 1095 3303 rerba
1115 3248 1166 3320 οὐχ
1184 3244 1276 3319 edoce·

158 3337 259 3390 ludaeis
277 3339 347 3404 lepre
364 3336 465 3389 iniectis
484 3339 510 3387 et
526 3337 574 3387 hoc
591 3336 693 3387 nomine
728 3333 760 3388 cd
781 3331 895 3404 α’νριβὶρ
913 3352 937 3387 ν.
954 3353 995 3403 χρ.
1016 3336 1105 3390 εἰπεῖν
1123 3353 1136 3389 a
1155 3339 1276 3408 losephe.

159 3423 318 3489 exhegypio
327 3419 440 3489 expulsis
451 3419 608 3487 calumniam,
618 3435 693 3486 quam
728 3419 744 3472 l.
760 3437 782 3473 c.
802 3419 897 3487 (mli)
916 3421 1086 3474 illustrantur.

159 3512 248 3576 postea
273 3508 386 3559 lustinus
410 3505 479 3557 llist.
497 3502 608 3555 XXXVI.
627 3520 649 3555 c.
667 3503 694 3568 2,
797 3506 823 3558 4.
840 3503 1075 3575 παροινήσαντες]
1092 3507 1152 3560 Per.
1166 3525 1267 3575 παροι·

159 3594 261 3647 Tacitus
271 3592 339 3645 Hist.
350 3591 379 3643 V.
391 3607 412 3642 c.
421 3589 447 3652 2,
465 3588 507 3641 alii
527 3590 694 3655 repetierunt.
731 3590 865 3650 uisuntur.

161 3678 222 3730 ilex
239 3678 264 3728 in
283 3676 411 3729 codicibus
427 3679 516 3744 operte
535 3674 696 3726 librariorum
800 3674 827 3726 ὅ.
846 3669 908 3741 τήν]
929 3673 994 3726 hinc.
1013 3678 1040 3725 et
1057 3674 1185 3746 Humphr.
1205 3679 1268 3731 ondh

161 3776 251 3815 errore
267 3761 361 3828 (camp.
372 3758 445 3811 oet
458 3774 483 3809 n.
494 3754 527 3809 16
538 3758 659 3810 eilib.ll.
672 3772 695 3808 c.
733 3763 825 3812 serunt
850 3761 952 3811 vitiose.
997 3758 1036 3811 lic
1062 3763 1181 3828 sequenti
1201 3749 1281 3816 'voce'

159 3848 219 3901 7.n.
228 3847 258 3913 1)
269 3846 330 3899 ordo
339 3846 473 3897 verborum
483 3843 647 3910 perturbatus
656 3845 696 3893 cei
732 3841 839 3913 μεταξύ
866 3842 896 3894 ub
914 3843 1101 3914 interpretibus
1124 3860 1174 3899 noo
1193 3847 1271 3900 intel·

162 3932 389 3986 iuhuocmodum:
446 3924 699 3996 ἐκγῆςΛίρύπτον.
734 3930 800 3982 lectu
824 3928 862 3995 (v.
881 3942 903 3981 ο.
922 3928 1027 3981 ileum:
1053 3929 1124 3996 „und
1146 3925 1271 3994 umber“)

162 4016 307 4085 Ποιμὲνας
324 4017 375 4082 μὲν
390 4012 445 4082 γαρ
464 4040 511 4068 .·..
532 4011 699 4079 Λίροπτίαν,
735 4013 810 4066 adees
828 4012 909 4065 lib.1.
928 4027 950 4065 e.
966 4012 992 4065 8.
1010 4027 1036 4065 n.
1049 4011 1074 4066 9.
1115 4045 1118 4049 ν

161 4093 466 4172 οὕχοῦρεν·.;.χρόνοον
480 4092 702 4164 storum-Tinde
754 4103 757 4107 ’
805 4095 831 4150 6.
850 4087 886 4166 ᾦ]
904 4095 970 4150 lllur.
988 4099 1015 4149 cl
1031 4097 1158 4165 llumphr.
1177 4094 1218 4166 τᾷ
1228 4097 1273 4165 ᾔ·

159 4188 215 4260 γαρ
230 4191 305 4259 (hoec
318 4187 444 4257 particule
456 4189 545 4254 posteo
559 4183 700 4238 connexio-
736 4186 777 4236 tra
796 4179 867 4236 codd.
885 4185 1009 4236 motorum
1024 4179 1109 4235 iidem.
1123 4190 1139 4217 ·'
1185 4168 1263 4239 titul*

195 4282 273 4351 (lurp.
293 4279 379 4349 Apoll.
403 4278 458 4332 Vol.
478 4275 549 4329 vul.
1026 4277 1066 4336 16
