<?xml version="1.0" encoding="UTF-8"?>
<!DOCTYPE html PUBLIC "-//W3C//DTD XHTML 1.0 Transitional//EN"
    "http://www.w3.org/TR/xhtml1/DTD/xhtml1-transitional.dtd">
<html xmlns="http://www.w3.org/1999/xhtml" xml:lang="en" lang="en">
 <head>
  <title>
</title>
<meta http-equiv="Content-Type" content="text/html;charset=utf-8" />
  <meta name='ocr-system' content='tesseract 3.04.00' />
  <meta name='ocr-capabilities' content='ocr_page ocr_carea ocr_par ocr_line ocrx_word'/>
</head>
<body>
  <div class='ocr_page' id='page_1' title='image "./corpusapologeta00unkngoog_0276.png"; bbox 0 0 2836 4852; ppageno 0'>
   <div class='ocr_carea' id='block_1_1' title="bbox 463 235 1263 305">
    <p class='ocr_par' dir='ltr' id='par_1_1' title="bbox 463 235 1263 305">
     <span class='ocr_line' id='line_1_1' title="bbox 463 235 1263 305; baseline -0.001 -2"><span class='ocrx_word' id='word_1_1' title='bbox 463 241 522 303; x_wconf 81' lang='lat' dir='ltr'>AD</span> <span class='ocrx_word' id='word_1_2' title='bbox 545 240 888 305; x_wconf 69' lang='lat' dir='ltr'>Antoninorum.</span> <span class='ocrx_word' id='word_1_3' title='bbox 911 237 950 301; x_wconf 89' lang='lat'>11.</span> <span class='ocrx_word' id='word_1_4' title='bbox 1198 235 1263 304; x_wconf 73' lang='lat'>159</span> 
     </span>
    </p>
   </div>
   <div class='ocr_carea' id='block_1_2' title="bbox 152 408 1264 1898">
    <p class='ocr_par' dir='ltr' id='par_1_2' title="bbox 152 408 1264 1898">
     <span class='ocr_line' id='line_1_2' title="bbox 154 408 1264 491; baseline -0.002 -19"><span class='ocrx_word' id='word_1_5' title='bbox 154 413 286 491; x_wconf 81' lang='lat' dir='ltr'>guntur:</span> <span class='ocrx_word' id='word_1_6' title='bbox 312 409 494 486; x_wconf 73' lang='lat' dir='ltr'>simulacro,</span> <span class='ocrx_word' id='word_1_7' title='bbox 518 431 614 491; x_wconf 83' lang='lat' dir='ltr'>opero</span> <span class='ocrx_word' id='word_1_8' title='bbox 634 431 776 475; x_wconf 76' lang='lat' dir='ltr'>manuam</span> <span class='ocrx_word' id='word_1_9' title='bbox 798 409 960 473; x_wconf 75' lang='lat' dir='ltr'>bominum.</span> <span class='ocrx_word' id='word_1_10' title='bbox 1004 408 1109 484; x_wconf 87' lang='lat' dir='ltr'>Atque</span> <span class='ocrx_word' id='word_1_11' title='bbox 1132 411 1170 470; x_wconf 85' lang='lat' dir='ltr'>iis</span> <span class='ocrx_word' id='word_1_12' title='bbox 1193 410 1264 487; x_wconf 81' lang='lat' dir='ltr'>qui-</span> 
     </span>
     <span class='ocr_line' id='line_1_3' title="bbox 154 517 1263 596; baseline -0.003 -12"><span class='ocrx_word' id='word_1_13' title='bbox 154 524 228 586; x_wconf 85' lang='lat' dir='ltr'>dem</span> <span class='ocrx_word' id='word_1_14' title='bbox 244 521 359 581; x_wconf 90' lang='lat' dir='ltr'>cultum</span> <span class='ocrx_word' id='word_1_15' title='bbox 390 521 520 580; x_wconf 81' lang='lat' dir='ltr'>adhibet</span> <span class='ocrx_word' id='word_1_16' title='bbox 548 518 702 582; x_wconf 91' lang='lat' dir='ltr'>hominum</span> <span class='ocrx_word' id='word_1_17' title='bbox 723 522 900 596; x_wconf 84' lang='lat' dir='ltr'>ineptorum</span> <span class='ocrx_word' id='word_1_18' title='bbox 921 517 1105 593; x_wconf 70' lang='lat' dir='ltr'>multitudo,</span> <span class='ocrx_word' id='word_1_19' title='bbox 1136 523 1263 581; x_wconf 87' lang='lat' dir='ltr'>creato-</span> 
     </span>
     <span class='ocr_line' id='line_1_4' title="bbox 152 614 1261 706; baseline 0.001 -17"><span class='ocrx_word' id='word_1_20' title='bbox 152 614 344 691; x_wconf 78' lang='lat' dir='ltr'>remantem</span> <span class='ocrx_word' id='word_1_21' title='bbox 374 631 407 688; x_wconf 88' lang='lat' dir='ltr'>et</span> <span class='ocrx_word' id='word_1_22' title='bbox 429 631 572 706; x_wconf 88' lang='lat' dir='ltr'>opificem</span> <span class='ocrx_word' id='word_1_23' title='bbox 600 632 816 690; x_wconf 85' lang='lat' dir='ltr'>universorum</span> <span class='ocrx_word' id='word_1_24' title='bbox 847 629 880 688; x_wconf 84' lang='lat' dir='ltr'>et</span> <span class='ocrx_word' id='word_1_25' title='bbox 908 629 1042 687; x_wconf 81' lang='lat' dir='ltr'>altorem</span> <span class='ocrx_word' id='word_1_26' title='bbox 1066 630 1163 689; x_wconf 88' lang='lat' dir='ltr'>omnis</span> <span class='ocrx_word' id='word_1_27' title='bbox 1193 631 1261 706; x_wconf 89' lang='lat' dir='ltr'>spi·</span> 
     </span>
     <span class='ocr_line' id='line_1_5' title="bbox 153 736 1262 815; baseline -0.001 -17"><span class='ocrx_word' id='word_1_28' title='bbox 153 739 235 798; x_wconf 88' lang='lat' dir='ltr'>ritus</span> <span class='ocrx_word' id='word_1_29' title='bbox 262 738 352 799; x_wconf 87' lang='lat' dir='ltr'>flocci</span> <span class='ocrx_word' id='word_1_30' title='bbox 380 737 516 815; x_wconf 82' lang='lat' dir='ltr'>faciunt,</span> <span class='ocrx_word' id='word_1_31' title='bbox 546 739 617 798; x_wconf 91' lang='lat' dir='ltr'>dum</span> <span class='ocrx_word' id='word_1_32' title='bbox 640 739 730 797; x_wconf 88' lang='lat' dir='ltr'>vanis</span> <span class='ocrx_word' id='word_1_33' title='bbox 759 736 925 797; x_wconf 80' lang='lat' dir='ltr'>sententiis</span> <span class='ocrx_word' id='word_1_34' title='bbox 957 737 1176 812; x_wconf 84' lang='lat' dir='ltr'>obtemperant</span> <span class='ocrx_word' id='word_1_35' title='bbox 1202 740 1262 797; x_wconf 93' lang='lat' dir='ltr'>de-</span> 
     </span>
     <span class='ocr_line' id='line_1_6' title="bbox 154 844 1264 924; baseline 0 -18"><span class='ocrx_word' id='word_1_36' title='bbox 154 847 240 924; x_wconf 88' lang='lat' dir='ltr'>cepti</span> <span class='ocrx_word' id='word_1_37' title='bbox 268 847 366 906; x_wconf 90' lang='lat' dir='ltr'>stulta</span> <span class='ocrx_word' id='word_1_38' title='bbox 395 864 413 904; x_wconf 91' lang='lat' dir='ltr'>a</span> <span class='ocrx_word' id='word_1_39' title='bbox 439 848 584 923; x_wconf 88' lang='lat' dir='ltr'>patribus</span> <span class='ocrx_word' id='word_1_40' title='bbox 612 847 728 907; x_wconf 86' lang='lat' dir='ltr'>tradita</span> <span class='ocrx_word' id='word_1_41' title='bbox 764 845 919 922; x_wconf 90' lang='lat' dir='ltr'>opinione.</span> <span class='ocrx_word' id='word_1_42' title='bbox 970 844 1056 904; x_wconf 88' lang='lat' dir='ltr'>Deus</span> <span class='ocrx_word' id='word_1_43' title='bbox 1092 847 1194 907; x_wconf 89' lang='lat' dir='ltr'>autem</span> <span class='ocrx_word' id='word_1_44' title='bbox 1230 851 1264 906; x_wconf 91' lang='lat' dir='ltr'>et</span> 
     </span>
     <span class='ocr_line' id='line_1_7' title="bbox 152 953 1262 1032; baseline -0.004 -15"><span class='ocrx_word' id='word_1_45' title='bbox 152 957 245 1032; x_wconf 82' lang='lat' dir='ltr'>pater</span> <span class='ocrx_word' id='word_1_46' title='bbox 267 958 300 1014; x_wconf 91' lang='lat' dir='ltr'>et</span> <span class='ocrx_word' id='word_1_47' title='bbox 321 956 465 1017; x_wconf 86' lang='lat' dir='ltr'>eonditor</span> <span class='ocrx_word' id='word_1_48' title='bbox 487 956 704 1015; x_wconf 86' lang='lat' dir='ltr'>universorum</span> <span class='ocrx_word' id='word_1_49' title='bbox 724 971 785 1013; x_wconf 90' lang='lat' dir='ltr'>non</span> <span class='ocrx_word' id='word_1_50' title='bbox 807 954 949 1014; x_wconf 89' lang='lat' dir='ltr'>deseruit</span> <span class='ocrx_word' id='word_1_51' title='bbox 969 953 1132 1014; x_wconf 90' lang='lat' dir='ltr'>humanum</span> <span class='ocrx_word' id='word_1_52' title='bbox 1153 971 1262 1032; x_wconf 77' lang='lat' dir='ltr'>genua,</span> 
     </span>
     <span class='ocr_line' id='line_1_8' title="bbox 152 1062 1264 1140; baseline -0.001 -15"><span class='ocrx_word' id='word_1_53' title='bbox 152 1065 210 1125; x_wconf 85' lang='lat' dir='ltr'>sed</span> <span class='ocrx_word' id='word_1_54' title='bbox 232 1065 322 1123; x_wconf 84' lang='lat' dir='ltr'>dedit</span> <span class='ocrx_word' id='word_1_55' title='bbox 352 1064 453 1140; x_wconf 83' lang='lat' dir='ltr'>legem</span> <span class='ocrx_word' id='word_1_56' title='bbox 484 1067 516 1123; x_wconf 92' lang='lat' dir='ltr'>et</span> <span class='ocrx_word' id='word_1_57' title='bbox 540 1065 623 1124; x_wconf 87' lang='lat' dir='ltr'>misit</span> <span class='ocrx_word' id='word_1_58' title='bbox 652 1066 778 1124; x_wconf 85' lang='lat' dir='ltr'>sanctos</span> <span class='ocrx_word' id='word_1_59' title='bbox 808 1062 984 1140; x_wconf 85' lang='lat' dir='ltr'>prophetas</span> <span class='ocrx_word' id='word_1_60' title='bbox 1007 1063 1059 1136; x_wconf 87' lang='lat' dir='ltr'>qui</span> <span class='ocrx_word' id='word_1_61' title='bbox 1084 1064 1264 1124; x_wconf 80' lang='lat' dir='ltr'>nuntiarent</span> 
     </span>
     <span class='ocr_line' id='line_1_9' title="bbox 153 1157 1264 1251; baseline 0.001 -18"><span class='ocrx_word' id='word_1_62' title='bbox 153 1174 264 1251; x_wconf 76' lang='lat' dir='ltr'>generi</span> <span class='ocrx_word' id='word_1_63' title='bbox 295 1172 428 1233; x_wconf 88' lang='lat' dir='ltr'>humano</span> <span class='ocrx_word' id='word_1_64' title='bbox 461 1176 493 1232; x_wconf 87' lang='lat' dir='ltr'>et</span> <span class='ocrx_word' id='word_1_65' title='bbox 523 1174 762 1250; x_wconf 82' lang='lat' dir='ltr'>praeciperent,</span> <span class='ocrx_word' id='word_1_66' title='bbox 792 1171 983 1246; x_wconf 85' lang='lat' dir='ltr'>utquisque</span> <span class='ocrx_word' id='word_1_67' title='bbox 1010 1174 1150 1231; x_wconf 86' lang='lat' dir='ltr'>nostrum</span> <span class='ocrx_word' id='word_1_68' title='bbox 1178 1157 1264 1236; x_wconf 72' lang='lat' dir='ltr'>uesi-v</span> 
     </span>
     <span class='ocr_line' id='line_1_10' title="bbox 153 1274 1263 1366; baseline -0.001 -23"><span class='ocrx_word' id='word_1_69' title='bbox 153 1283 293 1359; x_wconf 82' lang='lat' dir='ltr'>piscaret</span> <span class='ocrx_word' id='word_1_70' title='bbox 320 1284 353 1366; x_wconf 87' lang='lat' dir='ltr'>et</span> <span class='ocrx_word' id='word_1_71' title='bbox 381 1284 587 1357; x_wconf 85' lang='lat' dir='ltr'>cognosceret</span> <span class='ocrx_word' id='word_1_72' title='bbox 608 1298 700 1341; x_wconf 85' lang='lat' dir='ltr'>unum</span> <span class='ocrx_word' id='word_1_73' title='bbox 728 1296 801 1340; x_wconf 88' lang='lat' dir='ltr'>esse</span> <span class='ocrx_word' id='word_1_74' title='bbox 823 1281 932 1354; x_wconf 89' lang='lat' dir='ltr'>deum;</span> <span class='ocrx_word' id='word_1_75' title='bbox 961 1274 1000 1339; x_wconf 89' lang='lat' dir='ltr'>ab</span> <span class='ocrx_word' id='word_1_76' title='bbox 1024 1280 1135 1341; x_wconf 88' lang='lat' dir='ltr'>iisdem</span> <span class='ocrx_word' id='word_1_77' title='bbox 1157 1283 1263 1344; x_wconf 91' lang='lat' dir='ltr'>edocti</span> 
     </span>
     <span class='ocr_line' id='line_1_11' title="bbox 153 1387 1263 1468; baseline 0.004 -20"><span class='ocrx_word' id='word_1_78' title='bbox 153 1406 259 1451; x_wconf 87' lang='lat' dir='ltr'>sumus</span> <span class='ocrx_word' id='word_1_79' title='bbox 274 1393 309 1448; x_wconf 91' lang='lat' dir='ltr'>ut</span> <span class='ocrx_word' id='word_1_80' title='bbox 324 1408 343 1449; x_wconf 91' lang='lat' dir='ltr'>a</span> <span class='ocrx_word' id='word_1_81' title='bbox 358 1390 481 1451; x_wconf 79' lang='lat' dir='ltr'>nefario</span> <span class='ocrx_word' id='word_1_82' title='bbox 505 1390 740 1451; x_wconf 75' lang='lat' dir='ltr'>simulacrorum</span> <span class='ocrx_word' id='word_1_83' title='bbox 764 1389 905 1448; x_wconf 42' lang='lat' dir='ltr'>cultu‘et</span> <span class='ocrx_word' id='word_1_84' title='bbox 925 1387 1081 1448; x_wconf 89' lang='lat' dir='ltr'>adulterio</span> <span class='ocrx_word' id='word_1_85' title='bbox 1102 1391 1135 1446; x_wconf 91' lang='lat' dir='ltr'>et</span> <span class='ocrx_word' id='word_1_86' title='bbox 1154 1393 1263 1468; x_wconf 88' lang='lat' dir='ltr'>caede,</span> 
     </span>
     <span class='ocr_line' id='line_1_12' title="bbox 152 1486 1261 1585; baseline 0.001 -27"><span class='ocrx_word' id='word_1_87' title='bbox 152 1501 283 1585; x_wconf 80' lang='lat' dir='ltr'>stupro,</span> <span class='ocrx_word' id='word_1_88' title='bbox 305 1497 404 1572; x_wconf 79' lang='lat' dir='ltr'>furto,</span> <span class='ocrx_word' id='word_1_89' title='bbox 434 1498 584 1571; x_wconf 87' lang='lat' dir='ltr'>avaritia,</span> <span class='ocrx_word' id='word_1_90' title='bbox 606 1486 765 1572; x_wconf 87' lang='lat' dir='ltr'>periurio,</span> <span class='ocrx_word' id='word_1_91' title='bbox 786 1493 948 1553; x_wconf 85' lang='lat' dir='ltr'>iracundia</span> <span class='ocrx_word' id='word_1_92' title='bbox 971 1496 1003 1552; x_wconf 89' lang='lat' dir='ltr'>et</span> <span class='ocrx_word' id='word_1_93' title='bbox 1027 1496 1109 1555; x_wconf 89' lang='lat' dir='ltr'>omni</span> <span class='ocrx_word' id='word_1_94' title='bbox 1129 1497 1261 1561; x_wconf 85' lang='lat' dir='ltr'>lascivia</span> 
     </span>
     <span class='ocr_line' id='line_1_13' title="bbox 153 1601 1263 1680; baseline 0.005 -17"><span class='ocrx_word' id='word_1_95' title='bbox 153 1608 189 1664; x_wconf 92' lang='lat' dir='ltr'>et</span> <span class='ocrx_word' id='word_1_96' title='bbox 211 1605 392 1680; x_wconf 88' lang='lat' dir='ltr'>impuritate</span> <span class='ocrx_word' id='word_1_97' title='bbox 420 1604 651 1678; x_wconf 84' lang='lat' dir='ltr'>abstineamus,</span> <span class='ocrx_word' id='word_1_98' title='bbox 675 1607 714 1665; x_wconf 20' lang='lat' dir='ltr'>[et</span> <span class='ocrx_word' id='word_1_99' title='bbox 742 1618 824 1677; x_wconf 88' lang='lat' dir='ltr'>quae</span> <span class='ocrx_word' id='word_1_100' title='bbox 854 1601 914 1660; x_wconf 88' lang='lat' dir='ltr'>sibi</span> <span class='ocrx_word' id='word_1_101' title='bbox 938 1601 1069 1677; x_wconf 82' lang='lat' dir='ltr'>quisque</span> <span class='ocrx_word' id='word_1_102' title='bbox 1091 1605 1162 1664; x_wconf 85' lang='lat' dir='ltr'>fieri</span> <span class='ocrx_word' id='word_1_103' title='bbox 1183 1608 1263 1668; x_wconf 87' lang='lat' dir='ltr'>nolit</span> 
     </span>
     <span class='ocr_line' id='line_1_14' title="bbox 154 1709 1262 1792; baseline 0.005 -20"><span class='ocrx_word' id='word_1_104' title='bbox 154 1730 194 1772; x_wconf 92' lang='lat' dir='ltr'>ea</span> <span class='ocrx_word' id='word_1_105' title='bbox 217 1712 371 1771; x_wconf 87' lang='lat' dir='ltr'>alteriue</span> <span class='ocrx_word' id='word_1_106' title='bbox 395 1711 510 1772; x_wconf 84' lang='lat' dir='ltr'>faciat:</span> <span class='ocrx_word' id='word_1_107' title='bbox 540 1712 646 1786; x_wconf 85' lang='lat' dir='ltr'>sicque</span> <span class='ocrx_word' id='word_1_108' title='bbox 665 1711 804 1780; x_wconf 88' lang='lat' dir='ltr'>iustitiae</span> <span class='ocrx_word' id='word_1_109' title='bbox 825 1709 928 1769; x_wconf 91' lang='lat' dir='ltr'>cultor</span> <span class='ocrx_word' id='word_1_110' title='bbox 955 1713 1082 1771; x_wconf 85' lang='lat' dir='ltr'>aeterna</span> <span class='ocrx_word' id='word_1_111' title='bbox 1108 1716 1262 1792; x_wconf 89' lang='lat' dir='ltr'>supplicia</span> 
     </span>
     <span class='ocr_line' id='line_1_15' title="bbox 153 1818 1005 1898; baseline -0.005 -17"><span class='ocrx_word' id='word_1_112' title='bbox 153 1818 284 1898; x_wconf 78' lang='lat' dir='ltr'>effugiat</span> <span class='ocrx_word' id='word_1_113' title='bbox 305 1836 342 1889; x_wconf 88' lang='lat' dir='ltr'>ac</span> <span class='ocrx_word' id='word_1_114' title='bbox 364 1821 460 1879; x_wconf 87' lang='lat' dir='ltr'>vitam</span> <span class='ocrx_word' id='word_1_115' title='bbox 482 1822 642 1880; x_wconf 88' lang='lat' dir='ltr'>aeternam</span> <span class='ocrx_word' id='word_1_116' title='bbox 661 1836 679 1878; x_wconf 87' lang='lat' dir='ltr'>a</span> <span class='ocrx_word' id='word_1_117' title='bbox 703 1820 763 1878; x_wconf 90' lang='lat' dir='ltr'>deo</span> <span class='ocrx_word' id='word_1_118' title='bbox 785 1823 1005 1893; x_wconf 76' lang='lat' dir='ltr'>consequatur.</span> 
     </span>
    </p>
   </div>
   <div class='ocr_carea' id='block_1_3' title="bbox 152 2034 1263 2440">
    <p class='ocr_par' dir='ltr' id='par_1_3' title="bbox 152 2034 1263 2440">
     <span class='ocr_line' id='line_1_16' title="bbox 242 2034 1262 2112; baseline 0.009 -17"><span class='ocrx_word' id='word_1_119' title='bbox 242 2039 292 2095; x_wconf 82' lang='lat'>35.</span> <span class='ocrx_word' id='word_1_120' title='bbox 323 2035 422 2095; x_wconf 88' lang='lat' dir='ltr'>Vetat</span> <span class='ocrx_word' id='word_1_121' title='bbox 449 2036 546 2112; x_wconf 82' lang='lat' dir='ltr'>igitur</span> <span class='ocrx_word' id='word_1_122' title='bbox 569 2036 681 2096; x_wconf 87' lang='lat' dir='ltr'>divina</span> <span class='ocrx_word' id='word_1_123' title='bbox 704 2034 755 2097; x_wconf 85' lang='lat' dir='ltr'>lex</span> <span class='ocrx_word' id='word_1_124' title='bbox 780 2051 842 2095; x_wconf 92' lang='lat' dir='ltr'>non</span> <span class='ocrx_word' id='word_1_125' title='bbox 867 2037 969 2096; x_wconf 87' lang='lat' dir='ltr'>solum</span> <span class='ocrx_word' id='word_1_126' title='bbox 992 2036 1160 2098; x_wconf 73' lang='lat' dir='ltr'>simulacro</span> <span class='ocrx_word' id='word_1_127' title='bbox 1182 2043 1262 2103; x_wconf 89' lang='lat' dir='ltr'>ado·</span> 
     </span>
     <span class='ocr_line' id='line_1_17' title="bbox 152 2144 1263 2228; baseline 0.005 -22"><span class='ocrx_word' id='word_1_128' title='bbox 152 2147 237 2223; x_wconf 82' lang='lat' dir='ltr'>rari,</span> <span class='ocrx_word' id='word_1_129' title='bbox 260 2146 318 2207; x_wconf 86' lang='lat' dir='ltr'>sed</span> <span class='ocrx_word' id='word_1_130' title='bbox 340 2146 433 2209; x_wconf 87' lang='lat' dir='ltr'>etiam</span> <span class='ocrx_word' id='word_1_131' title='bbox 453 2144 625 2215; x_wconf 88' lang='lat' dir='ltr'>elementa,</span> <span class='ocrx_word' id='word_1_132' title='bbox 651 2145 750 2204; x_wconf 86' lang='lat' dir='ltr'>solem</span> <span class='ocrx_word' id='word_1_133' title='bbox 770 2144 874 2205; x_wconf 84' lang='lat' dir='ltr'>lunam</span> <span class='ocrx_word' id='word_1_134' title='bbox 897 2145 951 2205; x_wconf 86' lang='lat' dir='ltr'>vel</span> <span class='ocrx_word' id='word_1_135' title='bbox 968 2147 1118 2218; x_wconf 71' lang='lat' dir='ltr'>¹caeteras</span> <span class='ocrx_word' id='word_1_136' title='bbox 1140 2151 1263 2228; x_wconf 87' lang='lat' dir='ltr'>stellas,</span> 
     </span>
     <span class='ocr_line' id='line_1_18' title="bbox 156 2236 1262 2320; baseline 0.007 -7"><span class='ocrx_word' id='word_1_137' title='bbox 156 2257 210 2315; x_wconf 85' lang='lat' dir='ltr'>aut</span> <span class='ocrx_word' id='word_1_138' title='bbox 233 2253 324 2313; x_wconf 90' lang='lat' dir='ltr'>coelo</span> <span class='ocrx_word' id='word_1_139' title='bbox 350 2256 403 2312; x_wconf 92' lang='lat' dir='ltr'>aut</span> <span class='ocrx_word' id='word_1_140' title='bbox 429 2255 536 2317; x_wconf 80' lang='lat' dir='ltr'>terrae</span> <span class='ocrx_word' id='word_1_141' title='bbox 556 2236 618 2320; x_wconf 86' lang='lat' dir='ltr'>aut</span> <span class='ocrx_word' id='word_1_142' title='bbox 645 2254 724 2313; x_wconf 85' lang='lat' dir='ltr'>mari</span> <span class='ocrx_word' id='word_1_143' title='bbox 750 2255 805 2312; x_wconf 90' lang='lat' dir='ltr'>aut</span> <span class='ocrx_word' id='word_1_144' title='bbox 833 2252 974 2314; x_wconf 79' lang='lat' dir='ltr'>fontibus</span> <span class='ocrx_word' id='word_1_145' title='bbox 1001 2257 1058 2317; x_wconf 82' lang='lat' dir='ltr'>aut</span> <span class='ocrx_word' id='word_1_146' title='bbox 1086 2257 1262 2320; x_wconf 81' lang='lat' dir='ltr'>fluminibus</span> 
     </span>
     <span class='ocr_line' id='line_1_19' title="bbox 156 2361 1262 2440; baseline 0.005 -18"><span class='ocrx_word' id='word_1_147' title='bbox 156 2363 271 2423; x_wconf 79' lang='lat' dir='ltr'>cultum</span> <span class='ocrx_word' id='word_1_148' title='bbox 287 2361 464 2440; x_wconf 36' lang='lat' dir='ltr'>,adhiberi3</span> <span class='ocrx_word' id='word_1_149' title='bbox 493 2361 615 2438; x_wconf 86' lang='lat' dir='ltr'>nonnisi</span> <span class='ocrx_word' id='word_1_150' title='bbox 648 2361 736 2421; x_wconf 88' lang='lat' dir='ltr'>solus</span> <span class='ocrx_word' id='word_1_151' title='bbox 763 2378 839 2423; x_wconf 91' lang='lat' dir='ltr'>vere</span> <span class='ocrx_word' id='word_1_152' title='bbox 869 2362 947 2422; x_wconf 89' lang='lat' dir='ltr'>deus</span> <span class='ocrx_word' id='word_1_153' title='bbox 977 2364 1010 2420; x_wconf 89' lang='lat' dir='ltr'>et</span> <span class='ocrx_word' id='word_1_154' title='bbox 1032 2365 1164 2426; x_wconf 89' lang='lat' dir='ltr'>omnium</span> <span class='ocrx_word' id='word_1_155' title='bbox 1188 2384 1262 2428; x_wconf 91' lang='lat' dir='ltr'>oon·</span> 
     </span>
    </p>
   </div>
   <div class='ocr_carea' id='block_1_4' title="bbox 154 2469 1264 2872">
    <p class='ocr_par' dir='ltr' id='par_1_4' title="bbox 154 2469 1264 2872">
     <span class='ocr_line' id='line_1_20' title="bbox 156 2469 1263 2545; baseline 0.004 -13"><span class='ocrx_word' id='word_1_156' title='bbox 156 2472 241 2532; x_wconf 87' lang='lat' dir='ltr'>ditor</span> <span class='ocrx_word' id='word_1_157' title='bbox 271 2472 322 2529; x_wconf 90' lang='lat' dir='ltr'>est</span> <span class='ocrx_word' id='word_1_158' title='bbox 351 2469 500 2528; x_wconf 87' lang='lat' dir='ltr'>colendus</span> <span class='ocrx_word' id='word_1_159' title='bbox 527 2471 636 2528; x_wconf 89' lang='lat' dir='ltr'>sancto</span> <span class='ocrx_word' id='word_1_160' title='bbox 659 2471 789 2545; x_wconf 88' lang='lat' dir='ltr'>pectore</span> <span class='ocrx_word' id='word_1_161' title='bbox 819 2470 852 2527; x_wconf 88' lang='lat' dir='ltr'>et</span> <span class='ocrx_word' id='word_1_162' title='bbox 874 2471 997 2530; x_wconf 85' lang='lat' dir='ltr'>sincero</span> <span class='ocrx_word' id='word_1_163' title='bbox 1021 2471 1133 2532; x_wconf 88' lang='lat' dir='ltr'>auimo.</span> <span class='ocrx_word' id='word_1_164' title='bbox 1178 2475 1263 2544; x_wconf 80' lang='lat' dir='ltr'>Qua-</span> 
     </span>
     <span class='ocr_line' id='line_1_21' title="bbox 156 2554 1264 2656; baseline 0.003 -15"><span class='ocrx_word' id='word_1_165' title='bbox 156 2580 290 2656; x_wconf 83' lang='lat' dir='ltr'>propter</span> <span class='ocrx_word' id='word_1_166' title='bbox 312 2579 358 2639; x_wconf 84' lang='lat' dir='ltr'>ait</span> <span class='ocrx_word' id='word_1_167' title='bbox 379 2579 487 2638; x_wconf 82' lang='lat' dir='ltr'>saneta</span> <span class='ocrx_word' id='word_1_168' title='bbox 509 2577 581 2635; x_wconf 86' lang='lat' dir='ltr'>lex:</span> <span class='ocrx_word' id='word_1_169' title='bbox 620 2554 693 2634; x_wconf 82' lang='lat' dir='ltr'>Non</span> <span class='ocrx_word' id='word_1_170' title='bbox 713 2575 932 2646; x_wconf 76' lang='lat' dir='ltr'>moechaberis,</span> <span class='ocrx_word' id='word_1_171' title='bbox 954 2597 1016 2637; x_wconf 83' lang='lat' dir='ltr'>aon</span> <span class='ocrx_word' id='word_1_172' title='bbox 1038 2579 1177 2649; x_wconf 76' lang='lat' dir='ltr'>occider,</span> <span class='ocrx_word' id='word_1_173' title='bbox 1202 2602 1264 2644; x_wconf 80' lang='lat' dir='ltr'>noa</span> 
     </span>
     <span class='ocr_line' id='line_1_22' title="bbox 154 2683 1263 2770; baseline -0.002 -21"><span class='ocrx_word' id='word_1_174' title='bbox 154 2687 324 2766; x_wconf 64' lang='lat' dir='ltr'>(matam,</span> <span class='ocrx_word' id='word_1_175' title='bbox 360 2705 430 2770; x_wconf 50' lang='lat' dir='ltr'>noa¹</span> <span class='ocrx_word' id='word_1_176' title='bbox 454 2683 567 2763; x_wconf 78' lang='lat' dir='ltr'>falsum</span> <span class='ocrx_word' id='word_1_177' title='bbox 598 2685 800 2744; x_wconf 79' lang='lat' dir='ltr'>testimonium</span> <span class='ocrx_word' id='word_1_178' title='bbox 835 2683 938 2752; x_wconf 77' lang='lat' dir='ltr'>dices,</span> <span class='ocrx_word' id='word_1_179' title='bbox 974 2703 1036 2744; x_wconf 83' lang='lat' dir='ltr'>noa</span> <span class='ocrx_word' id='word_1_180' title='bbox 1065 2691 1263 2768; x_wconf 71' lang='lat' dir='ltr'>concupisces</span> 
     </span>
     <span class='ocr_line' id='line_1_23' title="bbox 155 2778 1264 2872; baseline 0.005 -15"><span class='ocrx_word' id='word_1_181' title='bbox 155 2813 282 2857; x_wconf 70' lang='lat' dir='ltr'>scoram</span> <span class='ocrx_word' id='word_1_182' title='bbox 308 2778 450 2872; x_wconf 74' lang='lat' dir='ltr'>proximi</span> <span class='ocrx_word' id='word_1_183' title='bbox 482 2793 537 2852; x_wconf 71' lang='lat' dir='ltr'>toi·</span> <span class='ocrx_word' id='word_1_184' title='bbox 588 2792 745 2851; x_wconf 77' lang='lat' dir='ltr'>similiter</span> <span class='ocrx_word' id='word_1_185' title='bbox 770 2792 864 2851; x_wconf 88' lang='lat' dir='ltr'>etiam</span> <span class='ocrx_word' id='word_1_186' title='bbox 899 2792 1085 2869; x_wconf 87' lang='lat' dir='ltr'>prophetae.</span> <span class='ocrx_word' id='word_1_187' title='bbox 1137 2797 1264 2862; x_wconf 71' lang='lat' dir='ltr'>Salonio</span> 
     </span>
    </p>
   </div>
   <div class='ocr_carea' id='block_1_5' title="bbox 156 2970 1266 4233">
    <p class='ocr_par' dir='ltr' id='par_1_5' title="bbox 156 2970 1266 3456">
     <span class='ocr_line' id='line_1_24' title="bbox 157 2970 1264 3044; baseline 0.002 -16"><span class='ocrx_word' id='word_1_188' title='bbox 157 2973 305 3041; x_wconf 70' lang='grc' dir='ltr'><strong><em>ἀθεμίτοις</em></strong></span> <span class='ocrx_word' id='word_1_189' title='bbox 323 2973 574 3039; x_wconf 76' lang='grc' dir='ltr'>εἰδωλολατρείαις.</span> <span class='ocrx_word' id='word_1_190' title='bbox 602 2972 691 3024; x_wconf 85' lang='lat' dir='ltr'>Mattb.</span> <span class='ocrx_word' id='word_1_191' title='bbox 728 2987 784 3024; x_wconf 85' lang='lat' dir='ltr'>cum</span> <span class='ocrx_word' id='word_1_192' title='bbox 803 2970 971 3025; x_wconf 80' lang='lat' dir='ltr'>additamento</span> <span class='ocrx_word' id='word_1_193' title='bbox 989 2972 1020 3024; x_wconf 88' lang='lat' dir='ltr'>ad</span> <span class='ocrx_word' id='word_1_194' title='bbox 1038 2973 1107 3026; x_wconf 78' lang='lat' dir='ltr'>Acti.</span> <span class='ocrx_word' id='word_1_195' title='bbox 1123 2981 1202 3042; x_wconf 86' lang='lat' dir='ltr'>apost.</span> <span class='ocrx_word' id='word_1_196' title='bbox 1223 2977 1264 3044; x_wconf 82' lang='lat'>15,</span> 
     </span>
     <span class='ocr_line' id='line_1_25' title="bbox 158 3049 1263 3128; baseline 0.001 -15"><span class='ocrx_word' id='word_1_197' title='bbox 158 3063 200 3126; x_wconf 80' lang='lat'>15,</span> <span class='ocrx_word' id='word_1_198' title='bbox 218 3059 268 3112; x_wconf 76' lang='lat'>192</span> <span class='ocrx_word' id='word_1_199' title='bbox 290 3057 387 3127; x_wconf 82' lang='grc' dir='ltr'><em>φόνοι,</em></span> <span class='ocrx_word' id='word_1_200' title='bbox 405 3063 536 3125; x_wconf 79' lang='grc' dir='ltr'><em>μοιχεῖαι,</em></span> <span class='ocrx_word' id='word_1_201' title='bbox 554 3061 692 3123; x_wconf 76' lang='grc' dir='ltr'><em>πορνεῖαι,</em></span> <span class='ocrx_word' id='word_1_202' title='bbox 727 3055 761 3108; x_wconf 86' lang='lat'>20</span> <span class='ocrx_word' id='word_1_203' title='bbox 780 3058 819 3123; x_wconf 88' lang='lat' dir='ltr'>(et</span> <span class='ocrx_word' id='word_1_204' title='bbox 835 3055 897 3123; x_wconf 75' lang='lat'>29&gt;=</span> <span class='ocrx_word' id='word_1_205' title='bbox 916 3057 964 3109; x_wconf 86' lang='grc' dir='ltr'>κα1</span> <span class='ocrx_word' id='word_1_206' title='bbox 984 3051 1038 3110; x_wconf 78' lang='grc' dir='ltr'>ὅσα</span> <span class='ocrx_word' id='word_1_207' title='bbox 1057 3049 1093 3111; x_wconf 70' lang='grc' dir='ltr'>ἂν</span> <span class='ocrx_word' id='word_1_208' title='bbox 1112 3058 1152 3128; x_wconf 76' lang='grc' dir='ltr'>μή</span> <span class='ocrx_word' id='word_1_209' title='bbox 1171 3059 1263 3114; x_wconf 77' lang='grc' dir='ltr'><strong><em>θέλω-</em></strong></span> 
     </span>
     <span class='ocr_line' id='line_1_26' title="bbox 156 3138 1263 3215; baseline 0 -17"><span class='ocrx_word' id='word_1_210' title='bbox 156 3145 276 3208; x_wconf 75' lang='lat' dir='ltr'>aionoi,</span> <span class='ocrx_word' id='word_1_211' title='bbox 301 3145 556 3211; x_wconf 75' lang='grc' dir='ltr'><strong><em>ψευδομαρτυρίαι.</em></strong></span> <span class='ocrx_word' id='word_1_212' title='bbox 593 3143 649 3196; x_wconf 81' lang='lat' dir='ltr'>Gai.</span> <span class='ocrx_word' id='word_1_213' title='bbox 667 3144 692 3205; x_wconf 83' lang='lat'>5,</span> <span class='ocrx_word' id='word_1_214' title='bbox 728 3155 772 3194; x_wconf 80' lang='lat' dir='ltr'>ccv</span> <span class='ocrx_word' id='word_1_215' title='bbox 798 3138 911 3201; x_wconf 75' lang='grc' dir='ltr'><strong>ἑαυτοῖς</strong></span> <span class='ocrx_word' id='word_1_216' title='bbox 937 3143 1068 3209; x_wconf 76' lang='grc' dir='ltr'>γίνεσθαι</span> <span class='ocrx_word' id='word_1_217' title='bbox 1093 3141 1200 3210; x_wconf 65' lang='grc' dir='ltr'>ἑτέροις</span> <span class='ocrx_word' id='word_1_218' title='bbox 1224 3143 1263 3215; x_wconf 72' lang='grc' dir='ltr'>μὴ</span> 
     </span>
     <span class='ocr_line' id='line_1_27' title="bbox 159 3222 980 3297; baseline -0.004 -15"><span class='ocrx_word' id='word_1_219' title='bbox 159 3229 285 3283; x_wconf 74' lang='lat'><strong>19-202</strong></span> <span class='ocrx_word' id='word_1_220' title='bbox 310 3230 441 3295; x_wconf 78' lang='grc' dir='ltr'>πορνεία,</span> <span class='ocrx_word' id='word_1_221' title='bbox 460 3226 641 3297; x_wconf 73' lang='grc' dir='ltr'><strong><em>ἀκαθαρσία,</em></strong></span> <span class='ocrx_word' id='word_1_222' title='bbox 662 3222 693 3280; x_wconf 82' lang='grc' dir='ltr'>ἆ·</span> <span class='ocrx_word' id='word_1_223' title='bbox 727 3230 819 3280; x_wconf 78' lang='grc' dir='ltr'>ποιεῖν</span> <span class='ocrx_word' id='word_1_224' title='bbox 838 3228 980 3294; x_wconf 78' lang='grc' dir='ltr'>(ποιεῖτε).</span> 
     </span>
     <span class='ocr_line' id='line_1_28' title="bbox 158 3311 1264 3382; baseline 0.001 -13"><span class='ocrx_word' id='word_1_225' title='bbox 158 3314 518 3382; x_wconf 59' lang='lat' dir='ltr'>concinnamenta«.</span> <span class='ocrx_word' id='word_1_226' title='bbox 552 3315 589 3368; x_wconf 79' lang='lat' dir='ltr'>ct.</span> <span class='ocrx_word' id='word_1_227' title='bbox 604 3315 635 3367; x_wconf 85' lang='lat' dir='ltr'>ad</span> <span class='ocrx_word' id='word_1_228' title='bbox 648 3315 691 3367; x_wconf 90' lang='lat' dir='ltr'>lib.</span> <span class='ocrx_word' id='word_1_229' title='bbox 797 3312 822 3364; x_wconf 87' lang='lat'>1.</span> <span class='ocrx_word' id='word_1_230' title='bbox 846 3329 872 3364; x_wconf 75' lang='lat' dir='ltr'>t.</span> <span class='ocrx_word' id='word_1_231' title='bbox 890 3311 1050 3380; x_wconf 63' lang='grc' dir='ltr'><strong><em>στοιχείοις]</em></strong></span> <span class='ocrx_word' id='word_1_232' title='bbox 1077 3313 1118 3367; x_wconf 77' lang='lat' dir='ltr'>ci.</span> <span class='ocrx_word' id='word_1_233' title='bbox 1136 3316 1181 3368; x_wconf 88' lang='lat' dir='ltr'>lib.</span> <span class='ocrx_word' id='word_1_234' title='bbox 1200 3317 1220 3369; x_wconf 92' lang='grc'><strong>1.</strong></span> <span class='ocrx_word' id='word_1_235' title='bbox 1240 3332 1264 3369; x_wconf 84' lang='lat' dir='ltr'>e.</span> 
     </span>
     <span class='ocr_line' id='line_1_29' title="bbox 157 3395 1266 3456; baseline -0.009 -2"><span class='ocrx_word' id='word_1_236' title='bbox 157 3402 204 3456; x_wconf 87' lang='lat'>111.</span> <span class='ocrx_word' id='word_1_237' title='bbox 222 3416 244 3454; x_wconf 84' lang='lat' dir='ltr'>t.</span> <span class='ocrx_word' id='word_1_238' title='bbox 263 3400 287 3453; x_wconf 84' lang='grc'>9.</span> <span class='ocrx_word' id='word_1_239' title='bbox 308 3416 333 3453; x_wconf 82' lang='lat' dir='ltr'>n.</span> <span class='ocrx_word' id='word_1_240' title='bbox 353 3400 378 3452; x_wconf 92' lang='grc'>4.</span> <span class='ocrx_word' id='word_1_241' title='bbox 728 3395 754 3448; x_wconf 90' lang='grc'>4.</span> <span class='ocrx_word' id='word_1_242' title='bbox 772 3412 799 3450; x_wconf 88' lang='lat' dir='ltr'>u.</span> <span class='ocrx_word' id='word_1_243' title='bbox 816 3395 841 3448; x_wconf 80' lang='grc'>9.</span> <span class='ocrx_word' id='word_1_244' title='bbox 1264 3453 1266 3456; x_wconf 38' lang='grc'><strong>,</strong></span> 
     </span>
    </p>

    <p class='ocr_par' dir='ltr' id='par_1_6' title="bbox 156 3474 1264 3805">
     <span class='ocr_line' id='line_1_30' title="bbox 227 3474 1264 3556; baseline 0.003 -20"><span class='ocrx_word' id='word_1_245' title='bbox 227 3485 269 3539; x_wconf 85' lang='grc'><strong>13.</strong></span> <span class='ocrx_word' id='word_1_246' title='bbox 296 3477 383 3552; x_wconf 71' lang='grc' dir='ltr'>ὅρκου</span> <span class='ocrx_word' id='word_1_247' title='bbox 401 3479 539 3551; x_wconf 71' lang='grc' dir='ltr'>ψεύδους]</span> <span class='ocrx_word' id='word_1_248' title='bbox 573 3479 693 3535; x_wconf 79' lang='lat' dir='ltr'>Editores</span> <span class='ocrx_word' id='word_1_249' title='bbox 772 3480 822 3532; x_wconf 79' lang='grc'>-2,</span> <span class='ocrx_word' id='word_1_250' title='bbox 847 3475 904 3534; x_wconf 69' lang='grc' dir='ltr'>ἀλλ’</span> <span class='ocrx_word' id='word_1_251' title='bbox 921 3474 953 3548; x_wconf 76' lang='grc' dir='ltr'>ἢ]</span> <span class='ocrx_word' id='word_1_252' title='bbox 978 3482 1084 3536; x_wconf 80' lang='lat' dir='ltr'>Murano</span> <span class='ocrx_word' id='word_1_253' title='bbox 1103 3479 1190 3549; x_wconf 73' lang='grc' dir='ltr'><strong><em>ἄλλα,</em></strong></span> <span class='ocrx_word' id='word_1_254' title='bbox 1215 3501 1264 3556; x_wconf 76' lang='lat' dir='ltr'>pre</span> 
     </span>
     <span class='ocr_line' id='line_1_31' title="bbox 157 3557 1263 3639; baseline 0.002 -19"><span class='ocrx_word' id='word_1_255' title='bbox 157 3573 260 3636; x_wconf 84' lang='lat' dir='ltr'>praeter</span> <span class='ocrx_word' id='word_1_256' title='bbox 286 3569 403 3632; x_wconf 79' lang='lat' dir='ltr'>hisrau,</span> <span class='ocrx_word' id='word_1_257' title='bbox 434 3582 540 3635; x_wconf 83' lang='lat' dir='ltr'>quocum</span> <span class='ocrx_word' id='word_1_258' title='bbox 566 3566 693 3633; x_wconf 82' lang='lat' dir='ltr'>Hompbr.</span> <span class='ocrx_word' id='word_1_259' title='bbox 730 3560 787 3617; x_wconf 72' lang='grc' dir='ltr'>ἀλλ’</span> <span class='ocrx_word' id='word_1_260' title='bbox 806 3557 840 3632; x_wconf 78' lang='grc' dir='ltr'>ἦ,</span> <span class='ocrx_word' id='word_1_261' title='bbox 866 3565 1000 3631; x_wconf 74' lang='lat' dir='ltr'>legendum</span> <span class='ocrx_word' id='word_1_262' title='bbox 1026 3566 1127 3621; x_wconf 85' lang='lat' dir='ltr'>videtur</span> <span class='ocrx_word' id='word_1_263' title='bbox 1150 3575 1193 3622; x_wconf 89' lang='lat' dir='ltr'>aot</span> <span class='ocrx_word' id='word_1_264' title='bbox 1209 3569 1263 3639; x_wconf 67' lang='grc' dir='ltr'>χροὶ</span> 
     </span>
     <span class='ocr_line' id='line_1_32' title="bbox 156 3644 1264 3721; baseline 0.003 -14"><span class='ocrx_word' id='word_1_265' title='bbox 156 3655 233 3707; x_wconf 76' lang='lat' dir='ltr'>tacita</span> <span class='ocrx_word' id='word_1_266' title='bbox 253 3647 350 3720; x_wconf 79' lang='grc' dir='ltr'><strong><em>ὅρκου,</em></strong></span> <span class='ocrx_word' id='word_1_267' title='bbox 367 3648 503 3721; x_wconf 75' lang='grc' dir='ltr'>ψεύδους.</span> <span class='ocrx_word' id='word_1_268' title='bbox 522 3653 551 3707; x_wconf 75' lang='lat' dir='ltr'>G.</span> <span class='ocrx_word' id='word_1_269' title='bbox 564 3651 613 3704; x_wconf 83' lang='lat'>37:</span> <span class='ocrx_word' id='word_1_270' title='bbox 633 3646 693 3703; x_wconf 76' lang='lat' dir='ltr'>ddi·</span> <span class='ocrx_word' id='word_1_271' title='bbox 729 3649 933 3720; x_wconf 76' lang='lat' dir='ltr'>expungendum.</span> <span class='ocrx_word' id='word_1_272' title='bbox 956 3650 1014 3702; x_wconf 84' lang='lat' dir='ltr'>Non</span> <span class='ocrx_word' id='word_1_273' title='bbox 1027 3644 1104 3703; x_wconf 63' lang='lat' dir='ltr'>mute}</span> <span class='ocrx_word' id='word_1_274' title='bbox 1128 3652 1168 3710; x_wconf 79' lang='lat' dir='ltr'>cf.</span> <span class='ocrx_word' id='word_1_275' title='bbox 1181 3656 1264 3710; x_wconf 74' lang='lat' dir='ltr'>want.</span> 
     </span>
     <span class='ocr_line' id='line_1_33' title="bbox 158 3731 1194 3805; baseline -0.002 -15"><span class='ocrx_word' id='word_1_276' title='bbox 158 3757 211 3792; x_wconf 82' lang='grc' dir='ltr'>κοο</span> <span class='ocrx_word' id='word_1_277' title='bbox 231 3731 328 3804; x_wconf 75' lang='grc' dir='ltr'>ὅρκου.</span> <span class='ocrx_word' id='word_1_278' title='bbox 728 3735 799 3787; x_wconf 77' lang='lat' dir='ltr'>ciac.</span> <span class='ocrx_word' id='word_1_279' title='bbox 816 3734 889 3785; x_wconf 90' lang='lat' dir='ltr'>librr.</span> <span class='ocrx_word' id='word_1_280' title='bbox 908 3733 937 3784; x_wconf 82' lang='lat' dir='ltr'>V.</span> <span class='ocrx_word' id='word_1_281' title='bbox 955 3733 984 3785; x_wconf 83' lang='grc' dir='ltr'>Τ.</span> <span class='ocrx_word' id='word_1_282' title='bbox 1003 3749 1090 3803; x_wconf 85' lang='lat' dir='ltr'>apocr.</span> <span class='ocrx_word' id='word_1_283' title='bbox 1110 3753 1134 3805; x_wconf 90' lang='lat' dir='ltr'>p.</span> <span class='ocrx_word' id='word_1_284' title='bbox 1151 3738 1194 3793; x_wconf 78' lang='lat'>29.</span> 
     </span>
    </p>

    <p class='ocr_par' dir='ltr' id='par_1_7' title="bbox 156 3813 1264 4233">
     <span class='ocr_line' id='line_1_34' title="bbox 226 3813 1264 3889; baseline 0.002 -14"><span class='ocrx_word' id='word_1_285' title='bbox 226 3822 267 3875; x_wconf 88' lang='grc'><strong>14.</strong></span> <span class='ocrx_word' id='word_1_286' title='bbox 280 3819 373 3875; x_wconf 78' lang='grc' dir='ltr'><strong><em>πάντα</em></strong></span> <span class='ocrx_word' id='word_1_287' title='bbox 434 3819 515 3888; x_wconf 81' lang='grc' dir='ltr'><strong><em>ποιῇ]</em></strong></span> <span class='ocrx_word' id='word_1_288' title='bbox 532 3818 611 3872; x_wconf 80' lang='lat' dir='ltr'>Edto.</span> <span class='ocrx_word' id='word_1_289' title='bbox 623 3818 693 3884; x_wconf 81' lang='lat' dir='ltr'>(exe.</span> <span class='ocrx_word' id='word_1_290' title='bbox 796 3816 820 3868; x_wconf 78' lang='lat'>3.</span> <span class='ocrx_word' id='word_1_291' title='bbox 838 3813 880 3870; x_wconf 71' lang='grc' dir='ltr'>Οὔ</span> <span class='ocrx_word' id='word_1_292' title='bbox 948 3819 1029 3884; x_wconf 67' lang='lat' dir='ltr'>wipo.</span> <span class='ocrx_word' id='word_1_293' title='bbox 1044 3821 1108 3888; x_wconf 80' lang='lat' dir='ltr'>oco]</span> <span class='ocrx_word' id='word_1_294' title='bbox 1128 3823 1208 3876; x_wconf 78' lang='lat' dir='ltr'>Exod.</span> <span class='ocrx_word' id='word_1_295' title='bbox 1220 3824 1264 3889; x_wconf 75' lang='lat'>2⁰,</span> 
     </span>
     <span class='ocr_line' id='line_1_35' title="bbox 158 3899 853 3977; baseline -0.013 -16"><span class='ocrx_word' id='word_1_296' title='bbox 158 3909 295 3974; x_wconf 86' lang='lat' dir='ltr'>Humpbr.)</span> <span class='ocrx_word' id='word_1_297' title='bbox 310 3901 445 3977; x_wconf 75' lang='grc' dir='ltr'>βούλεται</span> <span class='ocrx_word' id='word_1_298' title='bbox 456 3905 551 3973; x_wconf 70' lang='lat' dir='ltr'>(ocul.)</span> <span class='ocrx_word' id='word_1_299' title='bbox 566 3917 612 3970; x_wconf 88' lang='lat' dir='ltr'>pro</span> <span class='ocrx_word' id='word_1_300' title='bbox 625 3899 693 3972; x_wconf 75' lang='grc' dir='ltr'><strong><em>βού-</em></strong></span> <span class='ocrx_word' id='word_1_301' title='bbox 729 3900 853 3953; x_wconf 81' lang='grc'><strong>13-17,</strong></span> 
     </span>
     <span class='ocr_line' id='line_1_36' title="bbox 157 3984 1263 4061; baseline -0.003 -15"><span class='ocrx_word' id='word_1_302' title='bbox 157 3998 249 4061; x_wconf 77' lang='lat' dir='ltr'>iprae.</span> <span class='ocrx_word' id='word_1_303' title='bbox 270 4022 301 4031; x_wconf 94' lang='lat'>-</span> <span class='ocrx_word' id='word_1_304' title='bbox 326 3991 391 4044; x_wconf 81' lang='lat' dir='ltr'>coll.</span> <span class='ocrx_word' id='word_1_305' title='bbox 412 3991 504 4044; x_wconf 82' lang='lat' dir='ltr'>hiatib.</span> <span class='ocrx_word' id='word_1_306' title='bbox 526 3989 549 4054; x_wconf 87' lang='lat'>7,</span> <span class='ocrx_word' id='word_1_307' title='bbox 568 3987 609 4040; x_wconf 76' lang='lat'>12.</span> <span class='ocrx_word' id='word_1_308' title='bbox 638 3988 693 4039; x_wconf 88' lang='lat' dir='ltr'>Ma·</span> <span class='ocrx_word' id='word_1_309' title='bbox 796 3984 822 4037; x_wconf 81' lang='lat'>4.</span> <span class='ocrx_word' id='word_1_310' title='bbox 836 3984 984 4056; x_wconf 66' lang='grc' dir='ltr'><strong><em>Σολομὼν]</em></strong></span> <span class='ocrx_word' id='word_1_311' title='bbox 1000 3988 1075 4041; x_wconf 80' lang='lat' dir='ltr'>bodi.</span> <span class='ocrx_word' id='word_1_312' title='bbox 1089 3994 1116 4041; x_wconf 82' lang='lat' dir='ltr'>at</span> <span class='ocrx_word' id='word_1_313' title='bbox 1130 3989 1191 4042; x_wconf 84' lang='lat' dir='ltr'>editi</span> <span class='ocrx_word' id='word_1_314' title='bbox 1206 3993 1263 4044; x_wconf 83' lang='grc' dir='ltr'>Σο-</span> 
     </span>
     <span class='ocr_line' id='line_1_37' title="bbox 156 4070 1262 4143; baseline -0.002 -13"><span class='ocrx_word' id='word_1_315' title='bbox 156 4079 196 4143; x_wconf 71' lang='lat' dir='ltr'>gie</span> <span class='ocrx_word' id='word_1_316' title='bbox 215 4077 344 4130; x_wconf 85' lang='lat' dir='ltr'>consentit</span> <span class='ocrx_word' id='word_1_317' title='bbox 362 4073 532 4141; x_wconf 81' lang='lat' dir='ltr'>Theophilus,</span> <span class='ocrx_word' id='word_1_318' title='bbox 551 4071 619 4140; x_wconf 83' lang='lat' dir='ltr'>quod</span> <span class='ocrx_word' id='word_1_319' title='bbox 637 4071 694 4139; x_wconf 76' lang='lat' dir='ltr'>qui·</span> <span class='ocrx_word' id='word_1_320' title='bbox 722 4070 829 4136; x_wconf 62' lang='lat' dir='ltr'>,topos</span> <span class='ocrx_word' id='word_1_321' title='bbox 856 4071 933 4127; x_wconf 82' lang='lat' dir='ltr'>Maio.</span> <span class='ocrx_word' id='word_1_322' title='bbox 959 4074 1023 4127; x_wconf 82' lang='lat' dir='ltr'>Nam</span> <span class='ocrx_word' id='word_1_323' title='bbox 1042 4089 1064 4126; x_wconf 84' lang='lat' dir='ltr'>c.</span> <span class='ocrx_word' id='word_1_324' title='bbox 1083 4072 1124 4126; x_wconf 79' lang='lat' dir='ltr'>to.</span> <span class='ocrx_word' id='word_1_325' title='bbox 1142 4091 1168 4142; x_wconf 91' lang='lat' dir='ltr'>p.</span> <span class='ocrx_word' id='word_1_326' title='bbox 1187 4073 1262 4128; x_wconf 78' lang='grc'><strong>8811</strong></span> 
     </span>
     <span class='ocr_line' id='line_1_38' title="bbox 157 4144 1263 4233; baseline -0.001 -19"><span class='ocrx_word' id='word_1_327' title='bbox 157 4162 213 4216; x_wconf 89' lang='lat' dir='ltr'>dem</span> <span class='ocrx_word' id='word_1_328' title='bbox 238 4160 350 4214; x_wconf 74' lang='lat' dir='ltr'>editorm</span> <span class='ocrx_word' id='word_1_329' title='bbox 378 4144 405 4212; x_wconf 81' lang='lat' dir='ltr'>et</span> <span class='ocrx_word' id='word_1_330' title='bbox 434 4159 589 4226; x_wconf 83' lang='lat' dir='ltr'>interpretes</span> <span class='ocrx_word' id='word_1_331' title='bbox 620 4156 694 4224; x_wconf 72' lang='lat' dir='ltr'>tagit,</span> <span class='ocrx_word' id='word_1_332' title='bbox 730 4159 756 4233; x_wconf 78' lang='lat' dir='ltr'>et</span> <span class='ocrx_word' id='word_1_333' title='bbox 784 4155 828 4207; x_wconf 89' lang='lat' dir='ltr'>lib.</span> <span class='ocrx_word' id='word_1_334' title='bbox 843 4155 901 4209; x_wconf 85' lang='grc'><strong>111.</strong></span> <span class='ocrx_word' id='word_1_335' title='bbox 925 4163 955 4210; x_wconf 85' lang='lat' dir='ltr'>c.</span> <span class='ocrx_word' id='word_1_336' title='bbox 977 4157 1023 4211; x_wconf 71' lang='lat'>28.</span> <span class='ocrx_word' id='word_1_337' title='bbox 1055 4173 1081 4225; x_wconf 89' lang='lat' dir='ltr'>p.</span> <span class='ocrx_word' id='word_1_338' title='bbox 1108 4156 1160 4210; x_wconf 79' lang='lat' dir='ltr'>too</span> <span class='ocrx_word' id='word_1_339' title='bbox 1183 4159 1205 4210; x_wconf 87' lang='grc' dir='ltr'><strong><em>Β</em></strong></span> <span class='ocrx_word' id='word_1_340' title='bbox 1235 4160 1263 4213; x_wconf 84' lang='lat' dir='ltr'>in</span> 
     </span>
    </p>
   </div>
   <div class='ocr_carea' id='block_1_6' title="bbox 0 0 1423 4852">
    <p class='ocr_par' dir='ltr' id='par_1_8' title="bbox 0 0 1423 4852">
     <span class='ocr_line' id='line_1_39' title="bbox 0 0 1423 4852; baseline 0 0"><span class='ocrx_word' id='word_1_341' title='bbox 0 0 1423 4852; x_wconf 95' lang='lat' dir='ltr'> </span> 
     </span>
    </p>
   </div>
  </div>
 </body>
</html>
