2836 4852
471 275 851 374 BROLEGOMENA.
1133 297 1212 352 :run
1294 313 1297 318 ·

110 470 363 560 magistratum
383 474 537 558 gerento
563 468 648 559 (lib.
663 465 724 537 Ill
742 462 771 536 u
786 465 942 557 uua),
966 465 1110 536 erudito
1128 466 1211 555 qui-
1359 463 1381 518 Γ

112 597 196 667 dem
221 594 304 664 viro
330 594 398 664 sed
419 593 622 682 gentilium·
638 590 807 699 religioni
830 589 1081 661 addictissimo.
1103 593 1210 663 etde

112 719 451 793 Christianismum
480 718 698 788 <sentientur
718 715 780 804 qni
813 717 1010 795 deornm
1043 718 1211 806 genti·

109 847 228 932 lium.
254 845 447 942 defensor·
465 851 502 914 et
522 827 800 912 ohri-stiani
837 840 1047 912 nominis·
1067 843 1212 913 derisor

112 971 251 1051 exstitit
275 972 405 1063 (031).
502 1056 504 1060 Ι
1091 1037 1095 1045 .

116 1135 120 1145 ·
176 1187 178 1191 v
211 1097 267 1166 Ae
297 1097 452 1186 primum
491 1072 634 1183 quidem
674 1095 789 1165 deos
818 1094 1212 1185 gentilium.·quod

111 1223 259 1317 attinet,
294 1219 520 1313 Theophilus
552 1214 769 1309 respondet
785 1219 870 1292 huie
900 1220 1077 1313 Autolyci
1110 1219 1213 1310 peti·

112 1347 201 1418 tioni
235 1345 428 1442 „Ostende
450 1343 539 1414 mihi
573 1344 679 1415 deum
710 1344 850 1417 tunm‘t
894 1345 1129 1418 Demonstrat
1163 1341 1212 1416 1⁰.

110 1475 220 1543 deum
244 1473 463 1556 videritnon
490 1488 601 1559 posse
630 1468 699 1538 nisi
727 1470 832 1545 oeuli-
848 1472 988 1541 animae
1018 1471 1212 1562 expurgati

70 1629 73 1633 ⁷
109 1596 250 1681 inerint
276 1598 329 1688 (o.
355 1598 412 1687 2).
462 1578 511 1664 2⁰.
546 1592 587 1664 si
619 1593 699 1682 quis
728 1597 891 1684 postulet
906 1647 912 1654 -
925 1601 966 1666 ut
1003 1597 1062 1667 dei
1094 1597 1213 1669 fornia

95 1715 339 1813 exprimatur
370 1723 410 1792 id
440 1735 605 1810 prorsus.
628 1718 711 1790 fieri
743 1741 817 1791 uon
849 1721 976 1816 posse,
1012 1724 1105 1811 qnia.
1121 1724 1213 1795 nihil

47 1837 49 1840 ’
111 1850 263 1920 dedeo
294 1849 487 1937 possumus
524 1844 656 1915 dioero.
685 1847 784 1933 qnod
817 1867 890 1926 non
931 1849 1041 1939 longe
1071 1849 1213 1936 infinita

113 1976 200 2046 eius¹
216 1949 353 2045 virtute
380 1973 577 2060 superetur
607 1970 690 2065 (ou.
705 1971 740 2040 3.
764 1971 821 2062 l).
871 1970 919 2043 3⁰.
941 1972 1095 2062 Etiamsi
1120 1977 1212 2048 dous

112 2118 186 2170 nun
220 2104 392 2170 cernatur
412 2071 562 2188 oeulis,¹
595 2115 641 2164 ex
673 2096 908 2185 providentia
923 2118 928 2123 ·
941 2103 1061 2170 tamen
1090 2102 1142 2190 (o.
1164 2102 1212 2192 5)

113 2229 152 2299 et
179 2223 354 2314 operibus
377 2243 460 2293 eum
492 2199 670 2312 cognosci·
690 2222 741 2312 (o.
766 2222 823 2312 6).
875 2221 924 2293 40.
947 2223 1041 2317 'l'um
1062 2227 1213 2300 demum

113 2349 195 2419 t’ore
215 2356 265 2421 ut¹
279 2350 386 2419 deum
409 2348 608 2440 videamus,
637 2368 745 2436 quum
766 2351 922 2418 mortale
947 2352 1153 2423 exuerimus
1175 2361 1214 2424 ot

111 2473 418 2570 incorruptionem
444 2472 667 2545 induerimus
693 2473 745 2564 (o.
767 2473 823 2564 7).
874 2473 953 2545 Sed
976 2477 1061 2564 quia
1081 2498 1214 2549 resur-

114 2583 416 2671 reetionisssfines
435 2597 662 2670 abhorrebat
688 2598 735 2667 ah
760 2597 936 2691 Autolyci
958 2599 1121 2695 ingenio,
1148 2623 1214 2674 eo-

111 2730 228 2797 natnr·
241 2725 468 2828 'l'heophilns
485 2723 711 2792 incredulum
733 2723 881 2794 tleetore
902 2724 1068 2822 animum.
1116 2726 1215 2798 Pro-

112 2851 186 2922 bat„
207 2851 245 2921 iu
277 2852 398 2921 multis
422 2848 583 2920 artibus·
601 2847 786 2938 variisque
800 2849 852 2919 ⁸in
882 2852 995 2923 rebus
1028 2854 1078 2923 ad
1103 2827 1212 2924 'vitae

114 2978 249 3048 nultum
275 2977 541 3068 pertinentibus
568 2974 659 3045 nihil
687 2973 862 3046 sine-nne
885 2978 934 3047 ad
957 2978 1093 3050 exitum
1121 3001 1213 3070 per-
1320 3058 1322 3062 ,

112 3103 215 3174 duni:
243 3111 378 3193 quanto
399 3102 517 3194 magis
545 3102 633 3195 deo,
666 3121 690 3170 a
715 3121 787 3190 quo
813 3101 1075 3175 oreati'snmus
1105 3125 1214 3194 quum

112 3235 223 3301 antea
253 3233 333 3302 'non
369 3248 549 3322 essemus,
586 3225 697 3298 tidem
732 3228 908 3319 derogari
939 3250 1012 3299 non
1047 3231 1214 3302 deberet

113 3353 211 3426 rum.
233 3355 455 3447 Autolycum
487 3352 931 3447 exagitat-'qnodpunum
956 3360 1100 3427 statuas
1120 3358 1214 3428 deos

114 3500 198 3550 esse
235 3489 272 3553 et
304 3482 398 3552 mira
432 3477 581 3550 efficere
615 3480 759 3574 eredat,
797 3483 949 3550 eredere
982 3481 1075 3556 nolit
1105 3483 1213 3553 deum

116 3625 140 3674 a
165 3626 235 3694 quo
259 3614 407 3678 oreatus
438 3607 487 3677 sit
517 3605 650 3676 iterum
681 3604 857 3695 possein
887 3605 1000 3677 vitam
1031 3627 1212 3699 revocare

115 3729 170 3821 (o.
192 3730 257 3822 8);·
286 3756 292 3798 t
300 3706 417 3838 Simul
440 3706 685 3822 persequitur
717 3731 869 3802 deornm
892 3730 1046 3816 istorum
1072 3725 1216 3824 flagitia

112 3855 169 3946 (oe
181 3858 249 3951 o),
267 3857 446 3928 animalia.
463 3857 510 3926 ah
529 3857 726 3949 Aegyptiis
747 3859 855 3952 uultu,
884 3865 1037 3946 matrem
1060 3861 1217 3932 deorum-

115 3981 266 4073 oinsque
290 3983 388 4061 filios
414 3979 566 4053 caesari
593 3983 790 4074 vectigales
814 3983 978 4076 (e.10)·:
1001 3984 1097 4055 nude
1121 4002 1214 4075 oon·

68 4139 72 4145 ²
114 4109 229 4180 eludit
251 4108 449 4212 Gaesarem
479 4109 593 4180 multo
616 4107 740 4199 magis
774 4128 881 4198 quam
912 4108 1088 4180 eiusmodi
1120 4109 1212 4178 deos
