2836 4852
430 292 486 353 Ab
506 290 843 356 abrelictorum.
864 293 887 354 1.
1171 290 1211 356 21

106 463 184 522 oium
217 462 344 522 t'untlum
378 464 410 522 et
437 454 600 525 fluuiorum
629 465 811 542 perennium
840 465 957 541 huus,
986 465 1070 524 rorls
1099 463 1131 522 ot
1152 463 1212 521 im-

105 571 206 630 brium
230 571 269 630 'et
291 572 467 648 pluviarum
491 574 611 650 copiam
635 574 727 632 statis
753 573 946 648 temporibus
969 552 1212 650 suppeditatum,

107 695 273 757 eorporum
290 670 474 742 coelestium
495 683 613 742 uarium
629 659 754 755 motum,
776 679 953 742 Luoiterum
972 674 1213 742 exorientem'et

106 787 243 864 perteoti
264 790 341 848 astri
364 790 530 850 adventum
552 789 842 865 praenuneiantem‚
872 790 1012 850 Pleiadis
1035 792 1068 849 et
1089 788 1212 849 Orionis

107 892 382 974 eoniunotionem,'
398 898 564 957 Arcturum
595 899 627 955 et
655 900 851 957 eaeterorum
880 900 1037 958 astrorum
1067 897 1212 956 choream

108 1020 187 1080 quae
209 1006 373 1082 peragitur
402 1006 433 1064 iu
455 1004 537 1066 coeli
565 1005 696 1080 ursulo,
726 1004 839 1080 quihus
867 1008 1008 1067 omnihus
1036 1005 1212 1065 multivaria

107 1112 160 1172 dei
182 1114 336 1189 sapientia
357 1114 488 1190 propria
510 1114 633 1172 nomina
656 1113 813 1190 imposuit.
858 1115 915 1174 llio
943 1116 1020 1175 deus
1050 1113 1138 1173 solus
1165 1114 1215 1171 est

107 1221 160 1295 qui
186 1220 262 1280 teuit
288 1223 387 1283 luoem
417 1239 456 1282 ex
479 1221 637 1297 tenebris,
666 1225 724 1281 neo
752 1238 814 1281 non
835 1223 1035 1299 receptacula
1060 1218 1160 1281 aus‘tri
1183 1223 1215 1280 el

106 1327 274 1389 thesauros
303 1331 415 1407 abyssi
442 1334 474 1389 et
496 1333 648 1391 terminos
677 1330 806 1391 marium
837 1348 874 1390 ao
897 1333 977 1390 nivis
999 1333 1032 1389 et
1053 1328 1215 1406 grandinis

105 1434 292 1513 thesauros,
323 1440 376 1512 qui
400 1441 571 1517 congregat
601 1456 701 1513 aquas
727 1440 758 1497 in
785 1434 941 1498 thesauris
969 1439 1079 1514 abyssi
1108 1440 1140 1495 et
1164 1414 1215 1495 te-

105 1546 223 1604 nebras
248 1545 278 1603 in
300 1545 458 1604 thesauris
482 1545 547 1605 suis
570 1549 603 1604 et
624 1546 749 1622 profert
772 1562 900 1606 suavem
924 1549 956 1604 et
973 1543 1216 1606 desiderabilem

107 1655 141 1713 et
168 1653 332 1713 ineundam
364 1654 465 1714 luoem
488 1671 506 1711 e
529 1654 688 1715 thesauris
719 1655 801 1731 suis,
831 1655 883 1730 qui
915 1655 1018 1714 eduuit
1047 1654 1146 1712 nubes
1176 1652 1216 1712 alr

107 1765 248 1822 extremo
273 1764 379 1821 terrae
401 1765 434 1821 et
456 1761 583 1839 fulgura
605 1763 792 1840 multiplicat
814 1764 845 1822 in
865 1747 1013 1840 pluviam,
1038 1762 1089 1838 qui
1104 1762 1218 1820 emittit

108 1870 226 1930 tonitru
254 1871 294 1930 ad
323 1872 477 1931 terrorem
507 1873 539 1929 et
566 1873 768 1948 praenuntiat
798 1873 865 1958 eius
896 1871 1056 1949 fragorem
1082 1869 1217 1947 fulgure,

108 1995 148 2038 ne
176 1980 275 2038 anima
306 1979 410 2039 subito
442 1976 565 2039 turbata
594 1977 734 2055 deliuiat,
765 1981 930 2056 quinimmo
959 1980 1052 2039 etiam
1080 1978 1216 2054 fulguris

108 2087 209 2146 virne
232 2088 536 2164 eoeluerumpentis
566 2085 610 2148 ita
640 2091 797 2166 temperat
826 2092 860 2148 ut
886 2108 926 2149 ne
949 2092 1065 2148 terram
1086 2088 1216 2148 oomhu·

108 2198 178 2272 rat3
209 2213 278 2256 nam
302 2197 330 2255 si
355 2197 462 2274 fulgur
492 2199 622 2274 impetui
652 2215 710 2257 suo
737 2199 989 2275 permitteretur,
1019 2196 1218 2257 oumhureret

109 2308 236 2382 terram,
258 2307 353 2366 etiarn
373 2308 490 2367 tonitru
511 2307 537 2365 si
561 2306 620 2365 sihi
642 2309 888 2384 permitteretur,
911 2309 1112 2367 subverteret
1136 2320 1216 2381 quae

109 2412 140 2473 iu
164 2431 201 2473 ea
224 2418 304 2474 sunt.
574 2421 577 2428 ’

111 2678 138 2726 el
155 2673 216 2726 edlll
242 2673 287 2729 nol
313 2673 481 2744 συνάγων
509 2673 541 2728 τό
566 2677 646 2743 (hlor.
681 2676 725 2730 lib.
746 2676 778 2727 ll.
815 2675 843 2726 ln
870 2673 1034 2749 sequentibus
1061 2671 1216 2739 Theophilus

110 2772 201 2812 errore
225 2758 272 2813 aul
298 2775 345 2829 pro
370 2757 417 2835 ud)
446 2756 552 2821 σκότος.
595 2761 647 2812 lem
682 2760 751 2812 uaria
770 2763 890 2810 memorat
908 2757 1055 2811 documenta
1080 2754 1217 2824 providen-

110 2842 248 2897 lllaranus:
267 2845 421 2911 „lladundal
438 2848 541 2899 verbum
562 2840 647 2898 ovari-
681 2847 732 2896 liae
756 2843 857 2896 diuinae
882 2844 948 2896 eirea
972 2836 1076 2908 fulgura*
1097 2843 1124 2894 el
1148 2841 1214 2893 loui-

109 2945 184 2993 γων,
198 2928 252 2991 sira
270 2929 419 2998 Theophili,
442 2930 512 2998 sive,
531 2929 596 2998 quod
614 2929 646 2982 li·
680 2935 753 2995 true,
779 2927 860 2996 qualia
885 2929 911 2979 ot
930 2927 1029 2981 Seneca
1052 2926 1069 2977 l.
1090 2943 1113 2979 c.
1137 2939 1216 2992 agno·

109 3010 213 3064 beelim
230 3011 395 3081 crediderim,
419 3015 580 3068 librariorum
605 3016 646 3068 ln·
682 3012 847 3068 recusabi
866 3013 915 3064 ail:
944 3013 1029 3078 „hlira
1050 3011 1216 3076 fulminis‚'si

111 3095 212 3149 entier
681 3100 774 3152 intueri
793 3096 967 3165 relis,¹opera
985 3101 1059 3162 sunl,
1078 3112 1125 3149 nec
1144 3096 1217 3163 quiu-

66 3173 72 3182 ’
180 3181 221 3234 15.
246 3177 350 3248 ἐξάγων
426 3185 493 3250 dno.
511 3179 602 3237 edred
621 3189 647 3238 et
682 3199 756 3251 quam
773 3182 840 3234 dubii
860 3183 1029 3248 relinquentia
1053 3183 1113 3250 quin
1133 3179 1216 3232 divina

111 3260 225 3332 ἀνάγων
295 3261 391 3334 ὑετόν]
411 3268 461 3320 ler.
479 3269 520 3334 111,
540 3267 572 3321 13
592 3267 646 3334 (51,
681 3269 742 3320 insit
756 3267 808 3340 illia
821 3272 846 3319 et
859 3267 958 3320 subtilis
973 3268 1116 3333 polenlla.“
1146 3255 1217 3317 Wol-

111 3348 360 3418 ffith
683 3353 767 3423 fieta.¹
1021 3385 1089 3426 2¹

181 3433 223 3487 16.
249 3434 289 3498 εἰς
307 3433 412 3505 φόβον]
433 3438 470 3490 lta
488 3438 599 3502 genliles
618 3438 648 3492 ad
736 3436 791 3488 ¹17.
812 3434 863 3504 τήν
876 3435 1071 3503 auerteretur]
1091 3435 1128 3487 lla
1143 3434 1217 3486 Wolf.

109 3519 224 3572 tonitrua
244 3534 414 3588 expavescere
433 3522 557 3574 solebant.
583 3523 646 3576 Ter·
684 3514 824 3573 ethlaran.
843 3522 1055 3583 exromanum,
1077 3533 1217 3589 provocan-
1260 3531 1261 3535 ’

109 3603 231 3658 tullianus
258 3603 429 3673 Adeeapul.
459 3623 480 3659 e.
504 3607 537 3660 2:
575 3609 647 3674 „Nos
682 3611 722 3658 tes
748 3604 778 3657 ad
803 3601 1029 3669 κατεξουσιάζειν
1056 3606 1147 3659 hlellh.
1173 3603 1216 3670 21),

110 3678 190 3741 unum
215 3687 290 3742 deum
315 3688 435 3756 uelimus,
460 3706 535 3758 quem
560 3705 647 3744 ornnes
681 3688 715 3742 25
741 3693 767 3740 el
792 3689 871 3741 blare.
897 3688 945 3754 10,
970 3688 1020 3750 4²3
1052 3688 1115 3762 adde
1143 3690 1216 3741 Phul.

110 3761 265 3827 naturaliter
282 3775 380 3842 nostis,
403 3774 435 3827 ad
459 3777 531 3828 ouius
547 3776 646 3841 fulgura
682 3773 765 3838 Epist.
793 3791 818 3843 p.
841 3772 900 3825 216.
927 3772 977 3825 307
1001 3779 1028 3825 et
1053 3772 1149 3826 hnecd.
1176 3773 1216 3824 ed.

112 3859 140 3908 el
157 3857 512 3913 tonitrua·contremiscitis.“
539 3859 647 3912 herlu·
682 3859 801 3911 buisson.
819 3858 875 3912 Vol.
896 3859 924 3910 V.
942 3876 968 3928 p.
986 3857 1046 3912 280,
1084 3860 1122 3910 lla
1141 3860 1215 3910 eliam

112 3945 191 4007 gualo
207 3942 232 3994 id
249 3947 372 3996 testatum
390 3943 493 4010 reliquit
509 3943 647 4002 Suetonius
683 3943 746 3994 Van.
760 3947 787 3995 et
798 3944 871 3996 Bell.
897 3945 998 3997 (laeteri
1011 3943 1082 3996 editt.
1098 3941 1148 4010 τήν
1159 3937 1220 4009 κατ’Ι

111 4025 138 4077 in
158 4027 209 4079 rita
228 4028 283 4081 eius
302 4043 324 4082 u.
341 4027 383 4092 96,
401 4027 433 4079 de
450 4028 552 4080 Tiberio
569 4045 591 4080 u.
607 4027 648 4094 59,
684 4024 821 4092 leonatus.
853 4030 972 4082 Marones
987 4034 1089 4097 praeter
1103 4027 1216 4079 nenessi-

46 4101 49 4106 ’
112 4109 145 4163 de
172 4111 286 4180 caligula
314 4130 336 4166 o.
358 4113 407 4180 51,
436 4129 483 4166 nee
509 4114 591 4166 minus
618 4113 648 4182 de
683 4118 760 4167 talem
778 4111 811 4166 ad
829 4111 887 4168 κατ’
907 4113 1037 4181 ἐξουσίαν
1055 4111 1162 4165 oonieoit
1178 4111 1216 4164 le-

112 4197 225 4251 Nerouo.
254 4198 293 4252 (lt.
310 4198 433 4251 Senecam
450 4199 648 4265 Quaestnalur.
684 4198 803 4264 gendum.
