2836 4852
465 269 521 331 Al)
544 269 792 333 duronicum
813 271 890 336 ΗΒ.
912 270 966 336 111.
1208 272 1273 342 245

159 456 272 518 porum
295 440 559 518 descriptionibus
586 445 695 520 pateat
717 442 826 503 Mosen
855 446 887 503 et
909 443 962 519 qui
984 460 1054 504 eum
1077 446 1177 507 sconti
1199 451 1272 510 sunt

159 549 326 626 nongentis
348 551 402 608 vel
424 551 517 609 etiam
537 551 623 610 mille
646 553 734 611 annis
756 553 949 628 antiquiores
972 568 1043 613 esse
1060 552 1155 618 iliaco
1173 557 1270 618 bullo.

246 661 295 717 22.
320 657 382 717 Sed
407 660 488 733 quod
511 663 635 736 spectat
656 662 696 721 ad
713 663 821 740 templi
842 664 1115 741 constructionem,
1138 668 1221 742 qnod
1237 668 1269 726 in

159 767 275 828 iudaea
301 783 360 825 rex
383 767 509 828 Salomo
534 770 712 830 aedificavit
735 775 823 830 annis
846 776 920 849 post
943 773 1060 831 exitum
1082 772 1269 834 Iudaeorum

160 894 200 936 ex
224 875 373 953 Aegypto
395 880 572 954 quingentis
595 883 627 938 et
649 881 815 956 sexaginta
839 896 913 957 sex,
942 883 1024 957 opud
1050 883 1163 960 Tyrios
1186 884 1268 943 sori-

158 990 244 1064 ptnm
266 991 315 1045 est
337 988 492 1061 quomodo
515 989 711 1048 aedificatum
735 988 831 1048 suerit
853 990 1019 1067 templum,
1052 993 1135 1049 etin
1159 1006 1267 1051 eorum

159 1097 297 1158 archivis
325 1100 529 1156 asservantur
552 1099 783 1169 commentarii,
813 1099 843 1156 in
868 1099 979 1173 quihus
1006 1101 1165 1161 invenitur
1187 1117 1266 1161 oon·

158 1210 309 1267 structum
333 1205 431 1264 fuisse
457 1207 605 1283 tempium
626 1209 714 1267 annis
738 1210 810 1267 unte
834 1206 989 1267 conditum
1013 1227 1032 1268 a
1055 1211 1160 1287 Tyriis
1184 1209 1268 1270 (iur-

158 1317 315 1393 thuginern
334 1317 455 1375 centurn
477 1317 606 1393 triginta
631 1319 788 1392 quattuor,
812 1319 970 1378 mensibus
994 1321 1082 1379 octo:
1106 1318 1267 1391 (Consenti

157 1431 229 1488 sunt
255 1424 302 1484 illi
323 1427 536 1483 commentarii
567 1427 655 1485 iussu
684 1427 770 1502 regis
799 1427 962 1501 Tyriorum
990 1429 1039 1486 cui
1064 1442 1175 1486 nomeu
1206 1425 1267 1486 fuit

156 1534 314 1608 Hieroni,
337 1530 392 1589 iiiii
416 1532 579 1608 Abeihah,
603 1534 674 1607 quia
697 1533 944 1595 iliorumusfuit
966 1537 1083 1596 amicus
1106 1533 1266 1595 Salomoni

156 1646 198 1705 oh
221 1640 474 1705 consuetudinem
499 1658 589 1716 quam
612 1657 678 1701 cum
699 1658 738 1701 eu
761 1645 855 1719 poter
876 1643 1048 1722 habuerat,
1080 1660 1138 1704 nec
1164 1643 1264 1704 minus

155 1888 198 1941 47.
240 1885 312 1939 Addo
340 1886 444 1938 Morere
471 1883 529 1937 Dus
553 1885 692 1952 phoenici·
728 1885 795 1952 quod
822 1888 884 1939 Vsu.
911 1892 937 1939 et
955 1888 1027 1942 Bodi.
1053 1891 1173 1951 tuentur,
1199 1884 1264 1939 Feli.

155 1975 217 2026 schc
241 1972 391 2024 Alterihum
419 1969 446 2020 P.
472 1969 484 2020 l
511 1969 585 2035 (Ber.
610 1967 690 2037 1849)
728 1977 753 2023 et
768 1972 843 2025 Wolf.
862 1973 927 2039 περὶ
945 1970 1007 2041 ‘lep
1032 1976 1119 2042 inepte
1139 1973 1264 2024 focerunt.

155 2073 180 2125 p.
197 2057 316 2123 139sqq.
726 2057 784 2108 Pur.
815 2052 873 2110 u'uo'
903 2051 965 2124 Ἱερ.
998 2059 1136 2111 substituit.
1181 2055 1263 2107 Porro

224 2141 250 2194 2.
270 2136 418 2206 Σολομῶν]
443 2138 523 2205 Vulgo
543 2139 690 2205 Σολομῶν.
725 2141 791 2194 Feli.
811 2147 837 2194 ci
855 2143 930 2195 woh.
950 2137 1084 2210 τοῦνομα,
1104 2139 1170 2209 quod
1189 2138 1264 2196 codd.

156 2230 197 2283 (ii.
213 2243 234 2279 ο.
247 2227 290 2279 35.
305 2241 331 2279 n.
346 2223 371 2276 4.
399 2226 459 2276 Mox
474 2224 532 2276 Par.
547 2223 610 2276 male
626 2223 691 2275 orni·
725 2226 784 2278 msti
802 2233 959 2295 agnoscunt,
984 2230 1049 2281 noio
1073 2230 1263 2297 expunxerunt.

154 2315 192 2368 eit
211 2307 356 2378 ἑξήκοντα.
727 2311 765 2362 Ci.
784 2311 849 2363 infra
867 2305 966 2381 Ἕλλης
985 2308 1113 2380 τοῦνομα
1142 2315 1168 2364 ei
1186 2326 1209 2362 ο.
1227 2309 1263 2362 21

224 2397 250 2451 3.
277 2390 459 2463 Καρχηδόνα]
496 2394 560 2447 Veh.
586 2410 690 2460 χαρνη-
727 2392 832 2463 Φαραώ
862 2393 999 2464 τοῦνομα.
1045 2398 1134 2464 comp.
1164 2410 1201 2449 οο.
1228 2392 1264 2447 24

156 2480 237 2537 δόνα.
268 2480 334 2534 Feli.
351 2476 520 2547 χαρχηὸόνα.
547 2478 586 2531 Cf.
606 2479 691 2545 Spnu·
725 2480 765 2546 (n.
783 2479 831 2546 27)
849 2479 934 2534 cuti.
970 2481 1047 2549 Apud
1065 2479 1201 2547 iosephunr
1219 2477 1263 2530 hle

154 2571 222 2623 hem.
241 2569 279 2620 De
298 2567 415 2618 numism.
436 2563 489 2629 (ed.
506 2564 532 2614 in
548 2561 590 2631 4⁰)
608 2578 633 2630 p.
648 2561 690 2613 76.
725 2579 773 2616 rex
792 2564 924 2632 Εἴρωμος
941 2566 1019 2618 audit.
1056 2565 1095 2617 ci.
1115 2563 1145 2614 nd
1163 2563 1262 2614 Tuiiun.

223 2653 248 2706 4.
274 2647 373 2706 ἑκατόν
397 2645 551 2716 τριάκοντα
572 2643 691 2711 escuac-
725 2667 747 2703 ο.
766 2649 807 2702 37.
837 2652 897 2704 nd
921 2667 934 2703 u
960 2667 999 2703 rnu
1026 2650 1169 2702 observatu.
1211 2645 1262 2698 Pru

154 2757 215 2805 σιν,
240 2737 326 2806 μησὶν
352 2731 437 2803 ὀκτώ]
468 2735 529 2785 Ven.
556 2735 582 2784 ei
606 2732 691 2795 Boni,
724 2730 1262 2806 ἈβειβάλοοναίςοἎβειμὰλουΙοςίῑοτ.

155 2827 236 2880 Geso.
256 2827 282 2876 ei
300 2824 381 2889 Duc.;
400 2823 434 2873 ito
454 2821 527 2871 eiiam
547 2818 623 2884 hicn,
641 2817 690 2868 nisi
726 2823 754 2873 in
775 2825 837 2873 velt.
856 2819 944 2885 codd,
963 2824 991 2873 ut
1007 2821 1033 2872 in
1052 2819 1125 2886 Vsu,
1144 2810 1262 2870 ἅνεινοὶ·

154 2909 223 2980 quud
249 2904 350 2962 ἑκατὸν
377 2906 466 2956 vitiose
494 2903 587 2955 omisit.
631 2900 690 2952 Por.
725 2911 775 2960 λου
790 2906 906 2975 (¹³³ss
927 2906 958 2958 cf,
974 2905 1018 2957 lio,
1030 2905 1065 2956 n.
1083 2919 1106 2956 c.
1117 2902 1161 2956 35.
1177 2917 1201 2953 n.
1214 2899 1261 2965 18)

153 2990 256 3049 ἑκατὸν
281 2987 490 3056 τεσσαράκοντα
509 2985 640 3053 τέοοαοοι
659 3002 689 3052 μ.
725 2993 781 3044 fuit.
830 2991 941 3058 losephu
973 2993 1079 3042 vocatur
1110 2983 1262 3056 Ἆβίβαλος.

154 3076 241 3134 ὀκτώ.
285 3075 351 3129 Feli.
375 3079 401 3128 et
424 3074 498 3126 Wolf·
524 3087 556 3125 tx
581 3071 690 3140 losepho
726 3078 861 3129 coeterum
886 3077 953 3128 Μαι.
979 3078 1006 3127 et
1030 3074 1158 3143 Humphr.
1185 3070 1262 3124 verbu

154 3159 271 3234 (ductor
296 3156 504 3230 τεσσαράκοντα
528 3155 575 3210 καὶ
600 3153 690 3222 τρισὶν
723 3157 875 3228 Ἀναγράφη
895 3175 976 3228 usque
996 3157 1032 3211 ud'
1043 3155 1198 3224 διέπεμπον
1214 3168 1262 3224 pu·

153 3249 202 3306 uui
228 3268 257 3317 μ.
287 3243 376 3315 ὀκτώ)
402 3244 528 3297 dederunt
554 3236 614 3312 ραν
641 3241 690 3296 nai
725 3249 839 3301 renthesi
857 3246 1030 3311 incluserunt,
1051 3246 1107 3311 quie
1125 3239 1261 3296 Menandri

153 3334 238 3404 μησὶν
261 3328 344 3387 ὀκτώ.
379 3332 432 3384 Eos
449 3330 530 3382 secuti
547 3331 608 3381 sunt
624 3328 689 3380 Mar.
724 3332 869 3385 testimonio
889 3332 969 3383 utitur
986 3329 1144 3397 Theophilus
1163 3341 1214 3379 non
1231 3326 1262 3375 ut

155 3427 182 3475 ct
205 3419 347 3487 Humphr.:
373 3411 475 3468 ἕκατον
502 3413 568 3480 (sic)
592 3428 690 3465 rsuou-
724 3416 868 3469 Solomonis
886 3420 911 3469 et
923 3415 1038 3468 Hieroni
1057 3411 1261 3465 coniunctionem

154 3506 279 3575 φαίνοντα
297 3501 387 3569 τοῖσιν
405 3500 478 3566 (sic).
503 3498 572 3550 Infra
590 3497 628 3564 (11·
641 3495 689 3563 21)
723 3502 815 3570 probet
832 3503 919 3568 (cuius
937 3503 1030 3552 testum
1047 3499 1123 3550 Dium
1138 3511 1189 3549 non
1203 3495 1260 3547 hlu-

155 3593 296 3645 afferuntur
313 3587 372 3639 unni
390 3578 444 3652 pq‘
462 3581 569 3634 =133.
725 3587 849 3639 nandium
868 3585 974 3638 advocat
993 3583 1147 3650 Iosephus),
1169 3579 1216 3633 sed
1232 3583 1261 3632 ut

223 3676 249 3729 d.
287 3667 451 3740 Ἀνεγράφη]
486 3666 618 3734 Repetitio
651 3668 691 3717 esi
724 3676 866 3738 temporum
892 3666 1096 3736 supputationem
1117 3663 1259 3718 coinfirmet.

155 3760 270 3816 eiusdem
299 3757 387 3823 verbi,
421 3752 488 3822 quod
517 3751 601 3820 paullo
632 3753 690 3802 anie
793 3752 819 3805 6.
832 3750 878 3820 cd]
893 3753 957 3805 Μαι.
969 3755 995 3803 et
1007 3748 1132 3817 Humphr.
1144 3764 1176 3802 cx
1187 3748 1257 3802 Pan:

154 3845 288 3913 usurpavit
318 3842 443 3908 scripior:
483 3833 690 3904 ἀναγέγραπται
725 3839 821 3893 caeleri
838 3836 901 3891 τοῦ,

155 3927 194 3993 ὥς
208 3923 223 3982 ὁ
237 3925 305 3989 ναός
322 3920 511 3998 ᾠκοδόμηται.
531 3921 596 3974 Feli.
614 3920 690 3972 wolf.
794 3922 819 3975 7.
846 3921 1030 3989 Σολομῶνος]
1061 3919 1141 3987 Vulgo
1167 3920 1260 3971 Σολο-

154 4017 220 4069 iiiur.
239 4013 380 4081 (incorr.)
399 4008 526 4077 Humphr.
543 4001 690 4070 uddunffii,
724 4009 847 4078 poinruc,
877 4012 903 4061 et
930 4023 990 4063 mox
1016 4005 1161 4072 Σολομῶν.
1198 3999 1260 4053 Vide

154 4082 335 4155 contru'codd.
356 4098 444 4149 mstos.
481 4092 521 4146 lix
546 4085 603 4145 rino*
620 4084 690 4158 iso,
725 4110 751 4146 u.
771 4094 796 4146 2.
