2836 4852
456 272 513 338 Ab
536 274 781 339 annoticum
801 272 878 338 LIB.
899 271 952 337 111.
1197 269 1262 339 269

152 449 257 508 mutim
280 446 453 507 deducitur.
499 448 535 508 A·
549 449 662 509 mundo
685 448 812 510 condito
835 463 934 524 usqne
955 447 997 506 ad
1016 445 1166 506 diluvium
1188 448 1261 508 anni

153 559 311 618 fluxerunt
337 559 430 616 2242.
474 556 503 616 A
532 558 652 618 diluvio
682 574 781 633 usqne
811 559 852 616 ad
882 557 1061 633 susceptum
1089 572 1108 615 a
1138 572 1261 634 proavo

153 670 263 726 nostro
290 663 469 725 Abrahamo
499 667 597 726 tilium
626 668 812 753 annitb36.
857 665 907 728 Ab
934 664 1044 724 isaaco
1067 665 1133 724 tilio
1155 667 1262 725 Abra-

152 775 237 834 hami
260 791 358 850 usque
388 775 427 834 ad
453 777 563 852 populi
586 776 617 834 in
638 776 765 836 deserto
788 793 855 836 eum
878 775 967 834 Mosa
991 775 1262 835 commorationem

154 886 226 944 anni
256 886 329 944 660.
378 883 410 943 Α
437 886 539 944 morte
573 885 688 962 Mosis,
718 886 898 962 principatu
929 884 1042 943 losuae
1075 883 1133 942 tilii
1162 882 1262 961 Nav'e,

154 1009 253 1068 usque
282 993 324 1052 ad
355 994 486 1052 mortem
510 993 641 1053 Davidis
671 994 871 1070 patriarchae
901 994 973 1052 anni
995 993 1067 1052 too.
1111 991 1140 1050 A
1162 993 1263 1051 morto

154 1099 301 1178 Davidis,
330 1117 429 1177 regno
458 1104 560 1162 autem
592 1103 784 1183 Salomonis,
815 1120 913 1179 usqne
943 1101 982 1160 ad
1010 1101 1263 1180 transmigratio-

154 1227 222 1270 nem
244 1210 355 1287 populi
370 1209 595 1287 Babylonicam
616 1213 687 1271 anni
706 1215 766 1272 518
789 1229 912 1272 menses
931 1214 949 1270 o
972 1212 1040 1271 dies
1057 1213 1106 1269 10.
1144 1207 1263 1287 Acyri

154 1335 253 1395 regno
284 1335 383 1394 usquc
411 1321 452 1379 ad
474 1323 605 1379 mortem
628 1321 828 1398 imperatoris
851 1318 973 1380 Aurelii
994 1318 1073 1377 Veri
1095 1320 1167 1377 anni
1190 1321 1262 1380 stt.

154 1428 184 1488 A
206 1428 332 1487 condito
352 1429 465 1488 mundo
490 1430 671 1488 universum
701 1430 825 1505 tempus
854 1428 1020 1488 collectum
1051 1443 1148 1486 annos
1171 1425 1263 1487 exhi-

154 1537 211 1595 bet
233 1537 314 1594 56115
339 1537 372 1594 et
394 1537 447 1610 qui
470 1539 640 1596 excurrunt
660 1553 784 1596 menses
808 1552 844 1596 ac
867 1535 947 1595 dies.

225 1646 292 1703 ab.
315 1645 520 1720 Temporibus
543 1647 639 1722 igitur
662 1647 694 1704 et
714 1646 754 1704 iis
776 1644 917 1705 omnibus
941 1662 1021 1720 quae
1044 1645 1176 1706 diximus
1193 1647 1262 1707 col-

155 1755 263 1829 lectis,
293 1753 402 1812 videre
431 1753 505 1813 licet
534 1751 749 1829 antiquitatem
779 1753 1035 1830 propheticorum
1057 1741 1207 1815 librorum
1231 1759 1264 1816 et

156 1862 351 1921 divinitatem
372 1861 537 1938 religionis
560 1865 708 1922 nostraez
730 1880 788 1922 noo
808 1879 883 1922 sane
906 1879 1017 1922 recens
1040 1861 1117 1924 baec
1138 1865 1263 1942 religio,

155 1987 214 2030 neo
227 1972 378 2030 ‘instituta
399 1974 518 2048 nostra,
540 1973 573 2031 ut
597 1972 720 2046 quidam
741 1968 930 2048 existimant,
953 1971 1098 2032 fabulosa
1121 1976 1154 2033 et
1174 1990 1264 2033 men-

154 2082 244 2140 dacia
259 2083 340 2157 sunt,
363 2081 420 2139 sed
442 2081 581 2153 [illorum
599 2081 739 2157 placitis]
762 2081 869 2156 utiquo
884 2081 1061 2155 antiquiora
1077 2085 1109 2141 et
1126 2083 1262 2144 veriora.

155 2189 232 2249 Nam
255 2194 287 2248 et
308 2189 379 2248 Beli
401 2189 605 2265 Assyriorum
626 2191 712 2267 regis
736 2192 768 2247 et
791 2187 885 2248 Croni
906 2189 1025 2249 Titanis
1046 2191 1176 2252 Thallus
1196 2210 1264 2252 me-

156 2299 253 2375 minit,
275 2298 386 2358 Belum
407 2293 551 2357 referens
574 2314 641 2357 cum
662 2297 824 2356 Titanibus
847 2297 1002 2358 adversus
1018 2298 1124 2359 lovem
1140 2301 1264 2363 etnicos

157 2422 235 2482 quos
257 2407 372 2466 dicunt
385 2422 452 2465 oum
475 2420 514 2463 oo
535 2405 656 2464 iunctos
676 2404 792 2464 bellum
813 2405 967 2480 gessisse:
992 2422 1053 2479 quo
1075 2409 1106 2465 in
1127 2410 1199 2467 loco
1221 2409 1266 2468 ait

158 2513 278 2592 Gygum
304 2516 483 2591 superatum
507 2512 628 2589 fugisse
651 2513 847 2588 Tartessum,
877 2513 929 2587 qui
952 2514 1074 2588 quidem
1096 2514 1128 2573 in
1150 2532 1188 2575 ea
1210 2533 1265 2575 re-

157 2624 251 2699 gione
272 2623 419 2700 regnavit
449 2637 528 2696 quae
559 2623 623 2680 tum
646 2620 725 2680 Acte
747 2621 927 2698 dicebatur,
956 2638 1036 2680 nunc
1059 2638 1137 2681 vero
1160 2623 1266 2685 Attica

156 2732 342 2791 nominatur.
381 2729 531 2789 Caeteras
553 2731 656 2789 autem
677 2729 825 2806 regiones
848 2731 880 2788 et
902 2725 1007 2806 urbes,
1027 2731 1174 2805 aquibus
1190 2747 1265 2792 suas

159 2993 257 3044 Winer.
275 2991 391 3042 Gromm.
406 2993 431 3043 rt.
444 2995 557 3044 neotest.
572 2991 637 3059 Spu.
652 2990 692 3043 cd.
727 2992 823 3045 Athen.
840 3009 868 3062 p.
885 2991 933 3058 12)
957 2992 1117 3060 scripserunt
1137 2986 1153 3044 ὁ
1171 2987 1265 3059 Γύγης

159 3075 184 3128 6.
202 3090 227 3143 p.
243 3075 301 3130 435.
440 3075 446 3087 ‘
728 3076 831 3140 (Horat.
851 3075 898 3131 01.
916 3077 952 3127 ll.
972 3077 1005 3129 17
1024 3081 1049 3128 et
1066 3077 1113 3128 111.
1132 3076 1178 3144 4),
1197 3077 1264 3144 quod

228 3161 253 3214 3.
280 3159 335 3214 Καὶ
360 3158 413 3228 γὰρ
440 3156 627 3228 Βήλουμτλ]
655 3159 692 3212 Gi.
726 3160 850 3228 improbo.
880 3162 944 3214 Tum
957 3161 1039 3216 Gesn.
1056 3157 1265 3229 ἐπτηθεὶςομο-

159 3245 288 3310 Fragmm.
301 3245 391 3298 histor.
402 3260 487 3310 graec.
501 3244 540 3297 ed.
554 3244 612 3297 (lar.
623 3244 694 3296 Mul·
728 3260 813 3296 rarum
832 3247 910 3312 vitio,
935 3261 949 3297 a
968 3247 1032 3299 Duc.
1050 3237 1118 3299 Mor.
1137 3247 1266 3300 191111-

159 3332 207 3383 ler.
228 3331 281 3382 Vol.
299 3331 346 3381 111.
364 3347 390 3398 p.
405 3330 456 3381 517
469 3345 509 3396 sq.
727 3331 835 3398 petito·

230 3413 255 3466 4.
276 3414 328 3467 τοῦ
350 3414 472 3474 Τιτᾶνος
491 3411 611 3479 Θάλλος]
631 3415 694 3465 Vcn.
799 3413 823 3468 6.
842 3415 917 3483 vent]
937 3417 1017 3484 Ven.;
1036 3417 1103 3484 vulg.
1120 3418 1182 3471 νῦν.

160 3501 212 3553 τοῦ
231 3501 467 3559 τιτανωσθαλλος.
498 3498 571 3550 Boni.
587 3499 694 3551 rolict-
798 3498 822 3550 7.
848 3496 986 3567 ὁΓύμος]
1015 3501 1078 3551 Ten.
1104 3502 1179 3553 Bodl.
1203 3496 1265 3554 Por.

160 3581 235 3637 aava
261 3581 375 3642 tritior.
414 3584 472 3636 Par.
499 3586 619 3648 corrupte
642 3582 695 3634 τοῦ
728 3583 851 3635 Fortasse
861 3577 989 3650 Ὤγνμος.
1024 3582 1063 3637 ct.
1081 3599 1107 3636 u.
1126 3585 1151 3639 b.
1181 3587 1266 3642 Etiam

160 3670 225 3722 cerei
252 3668 398 3726 νώθαλλος
423 3663 596 3733 μεμνημένοι
622 3661 696 3725 τινές
730 3667 804 3718 Wolf.
825 3668 947 3720 suadente
961 3668 1074 3719 Meursio
1093 3657 1163 3722 istit
1178 3665 1266 3743 'Thye-

162 3769 232 3823 φασι
250 3750 301 3806 τὸν
321 3752 422 3818 Βῆλον.
729 3767 786 3817 μσς,
804 3751 929 3816 Humphr.
948 3748 1071 3818 Ώμύμης.
1095 3753 1163 3806 bien
1176 3756 1265 3808 Meur-

229 3841 254 3891 5.
280 3833 416 3904 ὁΓύμος]
449 3836 512 3887 Ten.
538 3833 611 3886 Bodl.
635 3835 695 3886 Por.
730 3835 783 3886 sius
808 3835 963 3888 assentiento
982 3834 1089 3889 Wolfio:
1118 3838 1202 3904 „Quis
1220 3853 1266 3890 su-

88 3929 89 3933 ’
160 3925 283 3977 Fortasse
301 3915 420 3988 Ὢγυγος
441 3920 550 3986 (Tattan.
570 3934 591 3970 c.
610 3917 650 3971 39.
669 3935 696 3971 n.
731 3921 827 3969 ctorum
861 3919 1020 3985 antiquorum
1049 3921 1267 3985 Tartessum,

161 4006 204 4060 14.
230 3997 696 4071 1113111115,8111111111110-
730 4004 868 4070 Hispaniae
892 4005 994 4072 urbem,
1019 4003 1084 4072 apud
1103 4019 1176 4071 quam
1195 4005 1266 4058 Tita-

162 4108 207 4144 cus
221 4091 385 4144 mutilusnon
401 4092 449 4141 est.
479 4087 557 4139 Ctn.
572 4086 597 4140 7.
621 4086 696 4138 Wolt.
731 4102 790 4141 nuru
808 4102 916 4154 pugnam
941 4089 1063 4141 accidisse
1087 4084 1166 4140 tradit
1189 4089 1266 4143 ctiam

163 4181 190 4228 st
199 4176 324 4242 Humpbr.
337 4173 434 4226 monitu
444 4170 612 4238 hieursii'sste
623 4186 695 4238 regg,
729 4171 843 4225 lustinus
866 4172 910 4225 lib.
929 4171 962 4226 tt
982 4173 1023 4239 [e.
1037 4171 1089 4238 11]
1096 4207 1105 4238 ,
1128 4173 1156 4226 in
1179 4175 1265 4229 Attica
