2836 4852
427 279 484 339 nn
507 269 752 342 annoticum
774 279 850 345 nm.
872 264 911 345 ιι.
1162 280 1222 347 1οι

114 448 148 505 et
162 446 300 507 ferarum
315 448 430 524 plenae
447 452 479 508 et
492 443 717 511 inhabitabiles
732 454 844 512 damno
859 455 1070 530 navigantium
1088 457 1122 516 et
1137 457 1222 515 tem-

112 558 269 631 pestatem
291 557 505 635 subeuntium,
533 561 563 617 in
586 555 698 635 quibus
719 577 817 621 naves
840 561 1011 623 alliduntur
1033 564 1139 638 etqui
1161 580 1222 640 ap·

113 663 238 740 pellunt
252 666 377 742 penitus
393 669 542 744 pereunt:
566 669 612 728 sic
629 687 663 728 se
678 669 797 729 babent
813 672 932 751 erroris
950 671 1122 747 doctrinae,
1141 672 1221 731 bae-

114 789 204 833 reses
227 775 312 852 dico,
335 793 416 851 quae
436 779 488 852 qui
511 779 552 838 ad
574 795 630 839 eas
651 764 806 840 accedunt*
822 781 947 857 penitus
970 781 1114 857 perdunt.
1151 779 1222 840 Non

112 885 194 942 euim
217 885 346 945 verbnm
376 887 523 946 veritatis
545 891 717 963 sequuntur
739 891 864 966 ducem,
887 891 944 949 sed
966 889 1223 965 quemadmodum

114 992 246 1070 piratae,
269 1011 360 1070 quum
375 1010 472 1054 navas
493 997 702 1074 impleverint,
725 999 765 1058 ad
785 1000 948 1076 praedicta
965 999 1036 1059 loca
1056 999 1223 1076 penetrant

114 1103 150 1160 ut
173 1102 245 1176 [ibi]
271 1109 326 1162 eas
349 1106 500 1181 perdant,
531 1107 575 1165 ita
598 1108 712 1167 accidit
734 1109 773 1167 iis
796 1109 847 1184 qui
871 1127 889 1168 a
912 1109 1052 1167 veritate
1071 1108 1223 1168 aberrant

114 1213 153 1270 ut
172 1213 212 1271 ab
234 1229 344 1273 errore
367 1216 619 1290 pessumdentur.

204 1325 253 1382 15.
276 1324 394 1393 Quarto
420 1323 471 1383 die
495 1324 579 1384 lacta
602 1329 674 1386 sunt
697 1324 867 1387 larminurto.
912 1326 997 1387 Deus
1018 1327 1108 1404 enim,
1131 1343 1223 1401 quum

111 1432 217 1490 omnia
244 1433 429 1509 provideat,
460 1451 559 1511 nugas
590 1452 738 1494 vanorum
762 1436 1024 1513 pbilosophorum
1046 1435 1224 1512 perspicie-

114 1540 188 1616 bat,
220 1542 271 1615 qui
295 1542 408 1601 dicturi
433 1547 523 1600 erant
546 1561 565 1600 a
587 1544 791 1604 luminaribus
815 1561 888 1604 esse
910 1544 1059 1619 quidquid
1083 1544 1224 1603 interra

112 1651 274 1728 gignitur,
297 1653 331 1710 ιιι
354 1652 443 1711 deum
468 1652 637 1711 exanimis
661 1653 827 1728 tollerent;
851 1671 948 1728 quare
968 1656 1003 1713 ut
1025 1654 1145 1713 veritas
1164 1669 1225 1731 pe·

115 1761 216 1835 teret,
249 1761 376 1819 creatae
400 1750 471 1818 sunt
493 1760 621 1836 plantae
639 1759 678 1820 ¹et
699 1763 817 1821 semina
846 1765 919 1822 ante
941 1764 1124 1822 luminaria:
1154 1759 1225 1822 nam

116 1869 197 1943 quod
220 1870 380 1945 posterius
404 1872 535 1928 estnon
558 1872 667 1947 potest
695 1880 732 1929 ea
764 1863 871 1930 tacere
895 1887 982 1948 uuae
1010 1874 1083 1932 sunt
1105 1872 1223 1949 priora.

113 1976 200 2038 llaec
231 1981 334 2039 autem
362 1979 538 2055 exemplum
570 1981 603 2039 et
632 1980 797 2056 imaginem
828 1982 989 2041 continent
1020 1982 1123 2058 magni
1153 1998 1224 2059 my·

114 2087 214 2147 sterii.
261 2086 316 2146 Sol
339 2089 419 2148 enim
439 2090 617 2165 imago-dei
639 2092 706 2166 est,
728 2090 803 2149 luna
823 2087 964 2149 bominis.
1009 2088 1051 2148 Et
1073 2090 1224 2166 quemad·

114 2197 236 2256 mollum
269 2198 322 2256 sol
346 2196 440 2274 longe
471 2199 634 2258 antecellit
662 2200 765 2258 lunam
789 2199 949 2274 potestate
973 2201 1005 2257 et
1026 2198 1147 2274 gloria,
1177 2199 1224 2258 sic
1307 2176 1310 2182 ¹

115 2306 193 2365 deus
225 2306 321 2382 longe
354 2309 567 2384 praestantior
598 2311 648 2368 est
679 2305 867 2382 bominibus,
902 2311 934 2366 et
967 2301 1223 2382 quemadmodum

115 2414 165 2473 sol
195 2416 307 2491 plenus
337 2434 461 2494 semper
491 2421 593 2476 manet
615 2431 681 2475 ‘nec
712 2433 844 2491 unquam
876 2416 1036 2492 minuitur,
1070 2417 1116 2476 sic
1145 2417 1222 2476 deus

116 2540 241 2602 semper
271 2526 433 2603 perlectus
462 2509 582 2601 manet,
612 2527 723 2603 plenus
752 2524 835 2584 omni
864 2525 1025 2602 potestate
1048 2527 1080 2582 et
1103 2524 1222 2583 intelli-

116 2747 177 2799 eunt
195 2745 212 2796 ii
237 2741 295 2799 arse
321 2757 408 2799 eorum
434 2746 493 2799 fidei
518 2746 650 2824 comunise·
688 2745 766 2811 (Van.
790 2743 877 2809 noll.)
907 2743 1001 2796 babent
1030 2744 1092 2796 editi
1118 2748 1223 2811 praeter

116 2829 183 2896 rint,
216 2831 425 2900 quemadmodum
452 2831 514 2883 nibil
541 2831 590 2882 sibi
621 2830 651 2881 ab
687 2830 766 2883 Gesn.
785 2828 831 2882 sed
849 2824 968 2895 ἔμελλον.

116 2905 252 2987 haereticis
268 2921 385 2969 metuunt
406 2917 447 2985 qui
474 2932 501 2968 se
525 2914 651 2981 regendos
754 2914 779 2966 l.
805 2933 828 2966 r.
848 2912 1003 2981 στοιχείων]
1028 2911 1144 2966 Clausen.
1164 2913 1223 2981 qui-

114 3000 165 3053 illis
182 3000 315 3053 tradunt.“
687 3015 735 3067 que
764 3015 795 3052 ex
824 3013 854 3051 eo
882 2997 996 3066 pendent
1024 2998 1222 3050 elementorum.

183 3085 224 3138 14.
250 3079 351 3156 οὕτως]
377 3089 456 3152 Ven.·,
480 3086 546 3152 vulg.
565 3081 649 3142 οὕτω.
686 3085 761 3138 Male.
783 3084 822 3137 cl.
840 3083 884 3136 lib.
902 3084 923 3135 l.
942 3099 964 3136 e.
982 3082 1008 3137 4.
1026 3099 1052 3136 n.
1071 3081 1096 3136 9.
1302 3078 1305 3082 ’

185 3173 208 3222 1.
228 3169 408 3240 λγέν.]’(ἰιιιι.
425 3163 444 3243 ᾖ
463 3173 611 3242 praemittit.
633 3201 634 3205 =
755 3169 780 3222 ὅ.
798 3167 920 3237 γέγονεν]
940 3169 1065 3236 llumptrr.
1084 3186 1159 3222 -νε,

184 3257 209 3308 2.
237 3252 388 3325 ἠπίστατο]
426 3258 488 3310 Ven.
522 3261 547 3308 el
577 3256 650 3308 bodl.
756 3253 781 3310 6.
816 3250 832 3324 ἡ
861 3249 892 3308 δὲ
922 3253 1021 3321 σελήνη
1053 3246 1222 3323 ἀνθρώπου]

116 3335 281 3407 ἠπίσταντο.
687 3339 814 3393 Eusebius
833 3341 925 3407 Praep.
944 3354 984 3393 eu.
1001 3337 1057 3390 vll.
1075 3354 1097 3391 e.
1115 3336 1132 3391 6
1149 3339 1224 3393 riuum

185 3427 211 3480 3.
248 3421 292 3480 ὅτι
319 3420 439 3495 ἤμελλον
467 3424 553 3493 λέγειν
581 3425 652 3493 κτλ]
688 3437 743 3476 cum
768 3426 852 3490 coelo,
879 3422 944 3491 quod
963 3422 1056 3475 ambitu
1075 3437 1122 3476 suo
1140 3425 1224 3478 omnla

117 3512 236 3565 Occurrit
250 3512 335 3565 eadem
353 3512 497 3566 obscuratio
509 3511 574 3580 apud
587 3512 653 3563 scri·
688 3509 871 3577 complectitur,
890 3507 966 3574 logon
985 3522 1041 3560 cum
1060 3507 1129 3569 sole,
1147 3505 1224 3578 s‘plri-

117 3587 210 3664 pt‘or‘es
223 3597 265 3664 qui
284 3596 316 3648 de
330 3610 407 3664 opere
421 3612 466 3649 sex
482 3596 578 3648 dierum
591 3610 653 3663 per-
688 3598 741 3646 lum
759 3596 872 3646 sanctum
898 3606 954 3643 cum
978 3591 1053 3655 luna,
1078 3592 1225 3662 spirituales

117 3679 267 3747 tractarunt,
286 3681 355 3733 uelut
372 3682 496 3733 Basiliam
514 3680 607 3733 Hamil.
627 3678 652 3732 u.
689 3679 908 3744 obintelligentes
932 3681 1037 3729 naturas
1063 3692 1119 3729 cum
1144 3677 1225 3731 stellis

118 3765 142 3818 a
152 3766 178 3832 1,
197 3765 359 3841 Ambrosium
377 3766 393 3816 l.
409 3763 434 3817 4.
453 3764 653 3830 c.1,loannem
688 3767 818 3831 comparat
837 3762 939 3828 (Man).
1187 3831 1194 3841 ’Δ

119 3851 252 3916 chrysost.
270 3849 364 3904 Hamil.
377 3851 396 3903 b
414 3854 440 3900 et
455 3849 479 3901 6.
509 3849 567 3902 Νοιι
586 3848 654 3900 absi·
679 3879 680 3883 =
756 3846 781 3899 7.
807 3841 921 3915 ob'rocl'
937 3847 998 3900 len.
1018 3848 1059 3900 bic
1078 3853 1103 3900 et
1122 3850 1226 3913 postem

117 3935 169 3987 miii
187 3935 313 3988 sententia
327 3935 399 3986 Philo
417 3935 443 3986 iu
462 3934 527 3986 libro
541 3933 579 3985 De
597 3933 653 4003 opi·
689 3931 756 3998 vulg.
776 3925 860 3987 atam

117 4018 176 4073 ficio
199 4024 226 4073 et
249 4019 392 4086 Gregorius
410 4018 472 4071 Nar.
492 4018 537 4071 0r.
555 4017 589 4069 lu
607 4017 652 4068 ob·
756 4017 782 4070 8.
802 4017 849 4072 καλ
861 4017 1006 4087 συνέσεως]
1026 4016 1096 4069 llaec
1108 4010 1224 4066 Galloni.

118 4109 222 4158 serrant
245 4105 327 4157 lucam
353 4107 410 4157 ante
437 4104 518 4158 solem
544 4105 653 4155 creatam
690 4102 983 4170 (emanantium)
1008 4097 1129 4153 mendose
1146 4111 1223 4167 praa·

117 4189 205 4242 brisso.
230 4188 370 4242 Maronea.
397 4217 429 4228 —
459 4188 517 4242 Non
535 4179 654 4256 ἤμελλον
688 4187 805 4242 termlsil.
851 4187 854 4191 ’
1110 4180 1112 4183 ’
1181 4187 1184 4191 ’
