2836 4852
456 231 515 323 nn
535 241 782 324 nunonuoun
804 241 881 304 nnn.
902 241 957 304 ur.
1198 239 1260 306 aas

153 424 240 488 snam
269 430 392 492 quoque
423 416 540 493 singuli
567 402 697 476 uxorem
728 414 924 488 habuerunt,
953 412 1017 472 tum
1042 413 1161 487 [erant]
1191 416 1262 493 ipse

152 528 187 586 e't
218 542 298 585 uxor
329 525 409 588 eius.
452 525 541 586 Hunc
569 526 670 585 virum
695 515 837 608 nonnulii
857 518 1036 582 Eunuchum
1058 529 1263 586 vocaverunt.

154 635 232 696 Octo
255 636 352 712 igitur
374 635 497 694 omnino
520 634 678 711 homines,
701 635 754 710 qui
778 635 808 691 in
829 649 904 691 arca
924 624 1151 710 inventi'sunt,
1174 635 1263 696 inco·

153 745 253 805 lnmes
292 746 471 811 evaseruut.
522 744 607 804 ldem
643 744 748 804 Moses
778 742 974 801 demonstrat
1004 741 1153 802 diluvium
1183 761 1262 818 qua·

154 855 300 930 draginta
334 855 443 914 diebus
477 855 670 928 totidemque
704 852 849 912 noctibus
884 850 1057 927 saeviisse,
1094 853 1263 914 cataractis

154 961 235 1026 coeli
266 965 409 1041 abruptis
440 964 644 1038 omnibusque
672 957 810 1021 sontibus
837 961 947 1038 abyssi
975 961 1190 1039 manantibus,
1218 964 1264 1022 ita

154 1076 190 1133 ut
211 1091 290 1149 aqua
314 1075 485 1133 altissimos
510 1089 649 1148 quosque
672 1076 792 1130 montes
816 1074 984 1146 superaret
1010 1071 1185 1146 quindecim
1207 1090 1264 1132 ou-

154 1183 239 1242 bitis.
290 1181 331 1241 ut
361 1185 404 1242 ita
434 1183 529 1258 periit
557 1199 656 1258 genus
687 1183 819 1242 omnium
849 1181 940 1240 istius
975 1181 1127 1257 temporis
1161 1182 1265 1242 homi-

154 1309 243 1369 num,
281 1297 410 1370 praeter
440 1293 515 1352 illos
544 1294 635 1368 octo,
671 1307 750 1367 quos
781 1291 813 1348 in
847 1307 921 1348 arca
954 1293 1100 1350 servatos
1130 1292 1264 1351 diximus

154 1400 272 1476 fuisse3
311 1403 398 1462 cuius
434 1418 527 1460 arcae
563 1401 718 1475 reliquiae
752 1396 852 1456 adhoc
885 1398 1091 1475 perhibentur
1126 1416 1199 1458 esse
1233 1402 1265 1459 in

153 1512 310 1569 montibus
347 1511 505 1569 Arabicis.
531 1556 534 1560 .
563 1508 682 1567 Diluvii
717 1507 813 1583 igitur
849 1507 982 1566 historia
1013 1507 1059 1567 sio
1093 1511 1265 1568 summatim

156 1621 333 1679 enarratur.

242 1841 292 1898 20.
314 1839 422 1897 Moses
445 1839 547 1897 autem
569 1837 632 1910 dux
657 1835 718 1896 fuit
739 1835 935 1912 Iudaeorum,
954 1838 989 1896 ut
1009 1837 1101 1894 antea
1122 1835 1267 1914 diximus,

157 1950 208 2024 qui
238 1948 332 2008 eiecti
362 1949 434 2006 sunt
465 1963 506 2006 ex
535 1949 623 2005 terra
653 1944 795 2022 Aegypti
826 1963 844 2004 a
870 1962 947 2022 rege
970 1943 1150 2024 Pharaone,
1178 1947 1291 2029 cuius>

158 2227 230 2278 mstis
244 2229 269 2277 et
284 2225 358 2278 editis
377 2227 495 2293 corrupte
515 2218 581 2275 οίπὸ.
611 2222 693 2274 Nemo
728 2239 757 2274 τι
775 2218 856 2274 εἶναι.
878 2224 956 2275 immo
975 2223 1006 2275 dc
1023 2239 1069 2296 suo
1089 2223 1173 2278 addit:
1193 2220 1264 2278 σίνα-

157 2312 288 2378 hucusque
311 2325 425 2362 errorem
449 2310 553 2360 notavit.
590 2306 656 2360 Gen.
676 2308 693 2357 Ι.
728 2309 865 2375 σωθείσης
880 2310 930 2376 τῆς
943 2307 1082 2377 ίοίρνακος
1099 2306 1137 2363 ἔτι
1152 2310 1200 2365 καί
1214 2313 1267 2366 νῦν

157 2411 194 2447 c:
212 2397 301 2448 πᾶσαι
312 2393 341 2447 ct
354 2392 447 2463 πηγαί.
467 2395 517 2446 Pro
530 2388 694 2462 βλυσοίντωο
729 2392 757 2446 ot
782 2390 925 2461 ἐπιχώριοι
951 2392 987 2447 τοί
1013 2395 1134 2462 λείψανα
1161 2394 1264 2452 ἐπιδει-

158 2481 236 2547 (Veo.
255 2485 281 2533 ct
301 2481 372 2547 Par.)
400 2481 511 2532 editores
539 2483 598 2531 anto
617 2477 693 2529 Wolf.
728 2474 854 2531 κνύοοσι.
881 2480 940 2531 Alia
957 2481 1102 2533 testimonia
1120 2483 1142 2534 1.
1160 2483 1193 2536 G.
1213 2485 1266 2537 Ra-

157 2560 319 2619 κίοσοίντον
336 2567 437 2619 vitiose.
471 2565 532 2616 Van.
552 2557 639 2632 ὅρους
657 2564 693 2629 (ο.
727 2563 818 2616 benet.
836 2565 864 2615 in
883 2564 1021 2616 Amoenitt.
1045 2565 1221 2633 hist-philol.
1239 2582 1266 2636 p.

158 2651 200 2705 18.
221 2668 246 2703 n.
265 2652 311 2718 7),
336 2651 382 2703 sed
406 2654 536 2703 corrector
562 2651 626 2719 spir.
643 2651 695 2702 len.
731 2649 765 2702 57
792 2664 849 2717 sqq.
877 2648 991 2714 collegit.
1043 2649 1094 2700 iam
1124 2649 1267 2705 Bochartus

158 2738 285 2805 apposuit.
314 2737 353 2788 De
371 2734 514 2804 quindecim
529 2735 696 2787 cubitiscon·
732 2735 841 2801 (Phnieg
867 2730 892 2800 p'.
917 2733 982 2800 17):
1010 2735 1107 2801 „Forte
1132 2734 1269 2802 legendum

158 2821 230 2874 sulas
248 2821 369 2874 Allctium
388 2819 416 2870 ad
435 2819 555 2871 Eustath.
573 2819 696 2871 nesasm.
730 2816 917 2886 Ἀρμεοιοκοῖς
935 2819 977 2871 rei
992 2812 1158 2888 Ἀρμενίοις,
1179 2837 1268 2890 qnam·

158 2920 185 2975 p.
204 2905 264 2958 226.
733 2919 806 2974 quom
824 2918 874 2956 non
893 2902 977 2956 desint
992 2907 1034 2972 qui
1050 2905 1169 2959 Arabiam
1187 2924 1268 2976 usque

230 2989 271 3042 16.
296 2983 399 3056 οὕτως]
425 2989 502 3055 Vcn.;
525 2989 592 3056 vulg.
612 2982 697 3042 οὕτω.
732 2990 762 3042 sd
781 2990 861 3041 vicina
879 2989 1017 3042 Armeniae
1042 2990 1100 3042 locs
1120 2993 1268 3046 extendant.

160 3076 223 3128 Ven.
242 3074 323 3142 γένος
339 3075 455 3128 πάντων
468 3075 526 3127 τοῖο
538 3091 567 3128 τε
582 3069 697 3142 dudod-
732 3077 762 3128 lu
780 3075 819 3126 his
837 3075 996 3142 Xenophon,
1022 3075 1064 3143 qui
1083 3076 1192 3129 Arabica
1211 3078 1270 3131 Me-

159 3179 230 3228 πωο,
248 3161 324 3215 Bodl.
341 3155 421 3230 γένος
438 3154 553 3213 πάντων
571 3159 629 3214 τῶν
648 3155 697 3214 σίν·
731 3161 895 3228 sopotomiam
918 3164 1037 3227 accenset
1059 3160 1102 3214 lib.
1121 3163 1143 3214 1.
1166 3162 1269 3217 Anaba-

159 3242 302 3315 dpo‘nos,
328 3247 387 3298 Par.
406 3243 563 3313 picuereis
582 3242 697 3314 stass·
732 3246 819 3298 seos.“
857 3244 921 3298 coti.
950 3244 1132 3310 Naegelsbach.
1156 3248 1182 3300 tn
1200 3248 1271 3302 Her-

160 3350 222 3386 nov
250 3328 382 3397 πάντων,
416 3331 475 3384 editi
505 3336 534 3384 ut
563 3347 640 3401 supra
669 3334 696 3384 in
733 3332 799 3398 zogii
817 3331 1164 3399 Reot·1·.'rrcyhlop.f.prot.
1185 3333 1271 3390 Theo-

161 3421 243 3471 textu.
733 3419 785 3484 top.
805 3417 833 3470 Τ.
850 3417 872 3469 Χ
891 3416 983 3483 (Goth.
1001 3415 1082 3483 1858)
1101 3433 1126 3486 p.
1142 3417 1194 3473 398
1205 3435 1245 3489 sq.

233 3502 273 3556 17.
298 3497 336 3554 τοί
352 3499 485 3568 λείψανα]
514 3501 578 3553 Van.
603 3497 639 3554 τοί
658 3501 698 3554 λί-

161 3597 256 3655 quam,
282 3587 326 3640 scd
350 3585 515 3657 superaddito
535 3603 559 3638 οι
577 3601 591 3637 a
609 3599 698 3638 corro—
803 3586 828 3638 1.
847 3586 968 3655 Μωσῆς]
987 3589 1118 3656 Μοίίοῆς
1130 3590 1209 3657 Migo.
1223 3609 1270 3649 suo

161 3677 243 3727 ctore.
270 3673 320 3725 Pro
331 3665 488 3739 Ἀραβικοῖς
503 3669 569 3725 seul.
585 3676 611 3723 st
624 3670 698 3722 Wolf.
735 3672 850 3726 arbitrio.
889 3671 952 3723 cum
980 3667 1119 3740 ὁδηγήσας
1136 3678 1271 3733 subaudias

162 3759 322 3825 scripserunt
334 3752 545 3823 Ἀρμεοικσίςοκ
557 3769 699 3808 meracon-
734 3749 781 3827 ἦν.
828 3757 867 3808 ci.
886 3757 931 3808 lib.
951 3757 986 3809 11.
1005 3774 1028 3812 c.
1047 3757 1089 3812 24.
1108 3775 1134 3815 n.
1154 3762 1177 3814 1.
1203 3763 1272 3817 Boe-

162 3844 269 3896 iectura.
300 3843 424 3908 losephus
442 3841 549 3909 Antiqq.
567 3841 618 3894 ind.
637 3842 657 3893 1.
677 3856 699 3894 c.
736 3842 824 3896 chhius
846 3841 902 3892 Ιοοο
923 3847 1012 3910 postca
1032 3843 1156 3898 laudando
1178 3862 1204 3914 p.
1222 3846 1273 3901 637

163 3928 180 3980 3
206 3943 237 3980 cx
263 3927 362 3981 Boroso
388 3928 436 3979 ait:
462 3923 569 3995 λέγεται
595 3927 626 3980 δὲ
651 3925 700 3980 καί
734 3927 834 3997 putavit
852 3926 987 3992 legendum
1015 3933 1059 3982 aut
1076 3923 1203 4000 οίίήγησε
1228 3937 1272 3986 aut

165 4012 217 4065 τοῦ
241 4012 343 4066 πίοίοο
369 4008 399 4064 ἐν
422 4011 457 4080 τῇ
479 4007 604 4082 Ἁρμονίᾳ
630 4007 700 4078 πρός
734 4004 770 4082 ἦν
789 4006 940 4080 ὀδηγήσας.

165 4100 205 4166 τῷ
224 4090 285 4165 ὄρει
302 4098 361 4152 τοῖο
378 4097 547 4163 Κορδυαίων
563 4093 603 4152 ἔτι
616 4096 701 4164 μέρος
804 4097 829 4150 2.
848 4091 886 4160 οίς
904 4094 971 4165 hqd.
992 4098 1093 4167 εἰρηκ.]
1113 4098 1143 4151 (ί.
1162 4098 1217 4153 hot
1230 4098 1272 4154 10.
