2836 4852
460 252 517 313 Ab
538 251 783 315 hosohioom
808 253 887 317 hio.
903 255 961 318 111.
1200 253 1264 322 263

155 422 218 480 tam
241 437 390 482 annornm
411 422 523 482 seriem
546 423 708 484 ellluxisse
725 401 908 503 decernens,
929 443 987 488 nec
1002 427 1175 503 quindecim
1192 445 1262 505 my·

155 529 261 589 riades
286 532 319 589 et
341 534 391 591 ter
414 533 498 599 mille
524 537 557 592 et
578 535 779 611 septuaginta
802 536 937 610 quinque
960 537 1041 612 anni,
1066 539 1101 597 ut
1124 537 1262 614 Apollo·

155 640 238 700 nium
260 640 449 718 Aegyptium
471 659 603 701 narrare
626 661 722 719 supra
744 644 895 718 diximus3
918 660 976 703 nec
992 646 1122 705 mundus
1137 646 1261 706 increa-

155 752 207 809 tus
235 754 284 809 est
312 768 370 810 nec
400 751 530 810 fortuite
554 753 654 811 omnia
676 753 769 828 fiunt,
797 756 830 813 ut
853 753 1054 830 Pythagoras
1085 755 1118 813 et
1144 753 1263 815 caeleri

154 860 264 935 nugati
278 863 360 935 sunt,
383 861 441 919 sed
461 877 536 919 sanc
552 863 676 921 creatus
696 865 728 919 et
743 861 944 938 providentia
963 863 1085 939 regitur
1099 879 1117 920 a
1133 863 1192 922 dec
1210 861 1262 937 qui

154 970 257 1028 omnia
286 970 422 1029 creavit:
451 985 488 1028 ac
514 972 637 1046 tempus
667 987 755 1031 omne
785 973 818 1029 et
846 972 916 1030 anni
941 971 1034 1031 facile
1060 972 1110 1031 his
1133 972 1262 1030 demon-

154 1078 303 1137 strantur·
323 1079 374 1153 qui
404 1078 532 1136 veritati
560 1073 778 1156 obtemperare
803 1080 922 1140 volunt.
967 1079 1014 1139 Nc
1034 1081 1130 1158 igitur
1150 1080 1262 1140 videa-

153 1203 222 1245 mur
244 1188 540 1248 demonstrationem
558 1190 598 1248 ad
614 1188 728 1266 Cyrum
747 1191 870 1264 quidem
887 1191 1086 1267 perduxisse,
1108 1205 1188 1265 quae
1204 1205 1262 1248 au-

153 1299 215 1354 tem
238 1299 405 1356 consecuta
429 1300 500 1356 sunt
520 1297 659 1374 tempora
684 1299 858 1374 negligere,
881 1300 970 1373 quasi
989 1316 1027 1358 ea
1046 1299 1262 1358 demonstrare

152 1421 213 1463 non
240 1408 416 1481 possimus,
445 1406 505 1465 deo
534 1408 628 1465 dante
657 1407 911 1481 consequentium
936 1424 1059 1483 quoqne
1088 1409 1261 1481 temporum

152 1514 294 1572 ordinem
317 1515 455 1572 conabor
478 1515 581 1588 quoad
602 1514 672 1573 fieri
694 1518 801 1590 potest
823 1531 992 1590 exponere.

240 1624 290 1681 27.
321 1620 405 1698 Cyro
429 1622 526 1696 igitur
556 1624 628 1697 post
657 1639 784 1700 regnum
816 1639 965 1682 annorum
993 1624 1122 1701 triginta
1151 1623 1222 1680 octo
1242 1636 1262 1677 a

153 1731 321 1807 'l'omyrlde
349 1731 380 1788 in
406 1731 598 1805 Massagetia
628 1731 749 1805 occiso,
779 1732 958 1808 olympiade
988 1733 1184 1809 sexagesima
1207 1745 1262 1789 se·

153 1841 269 1899 cunda:
305 1841 365 1898 iam
395 1856 434 1898 ex
464 1854 503 1897 oo
531 1842 673 1914 tempore
696 1838 976 1906 Romanorumres
998 1841 1182 1902 crescebant
1201 1838 1261 1897 deo

152 1965 209 2008 eos
231 1949 449 2025 confirmante,
480 1965 571 2024 quum
596 1949 671 2007 urbs
692 1966 710 2006 a
735 1949 884 2026 Romulo,
912 1951 965 2026 qui
988 1950 1100 2009 Martis
1125 1946 1259 2009 otiliae

152 2059 234 2118 lilius
254 2059 450 2135 perhibetur,
472 2059 596 2117 condita
620 2056 734 2117 suisset
750 2058 930 2136 olympiade
947 2061 1090 2136 septima,
1112 2063 1186 2122 ante
1203 2056 1261 2115 de-

153 2167 260 2227 cimum
290 2169 454 2244 septimum
484 2167 632 2226 calendas
656 2166 746 2241 Maii,
777 2186 838 2244 quo
871 2173 1013 2248 tempore
1034 2186 1131 2229 annus
1153 2168 1261 2226 decem

152 2279 300 2336 mensium
324 2278 560 2336 numerabatur:
584 2308 625 2319 —·
655 2274 739 2353 Cyro
760 2279 856 2352 igitur
879 2283 1019 2356 mortuo,
1042 2284 1075 2338 ut
1096 2277 1188 2338 modo
1210 2273 1260 2333 di-

153 2460 323 2519 omitteretur,
338 2459 420 2510 coccii
432 2457 521 2509 similis
534 2456 688 2507 antecedcn-
792 2458 816 2510 3.
843 2457 891 2511 aci
908 2455 1003 2527 Ἰλίας]
1033 2460 1090 2510 Por.
1115 2455 1197 2508 addit:
1221 2447 1260 2512 cic

153 2545 185 2593 lis
210 2545 407 2609 praepositionis
433 2537 489 2594 ὑπὸ
515 2540 607 2606 syllaba
629 2540 688 2592 ΠΟ.
724 2542 754 2594 δέ
767 2561 840 2604 τινες
852 2538 929 2604 Ῥέας
942 2546 1075 2611 Συλβιάς.
1099 2539 1259 2606 Quooterbo

154 2628 194 2679 Ad
211 2634 323 2679 reternrn
341 2629 412 2681 codd.
429 2628 534 2691 vestigia
550 2639 631 2694 prope
646 2640 688 2676 ac·
724 2629 837 2680 scholion
861 2630 957 2682 librarii
977 2630 1117 2681 continent.
1153 2624 1260 2674 Constat

153 2713 325 2765 cedentFell.
341 2713 491 2765 Woltlllar·
507 2711 630 2775 Hnrnphr.
646 2711 688 2775 qui
724 2713 790 2764 enirn
814 2717 920 2764 maliem
948 2713 1049 2765 llcrnnli
1073 2711 1102 2762 ab
1129 2705 1259 2759 historicis

153 2795 688 2864 receperuntTopcctoocffcvprctoor
724 2799 831 2850 monime
854 2799 953 2850 ercom
980 2797 1108 2864 Sylviatn,
1137 2809 1149 2845 a
1176 2789 1258 2857 poclis

153 2886 287 2949 ot.eti1.)
308 2880 337 2934 ἐν
357 2883 541 2951 Mccccysrip
561 2885 687 2945 (trandu-
725 2896 785 2933 vero
805 2883 875 2934 lliarn
901 2883 990 2935 dictam
1009 2897 1074 2934 esse.
1111 2880 1150 2932 cf.
1169 2876 1258 2942 virgil.

152 2971 182 3021 lit
202 2970 237 3020 hl.
257 2967 341 3032 „apud
360 2967 559 3033 Massagetae).
595 2964 688 3030 Cyrum
726 2968 791 3019 hen.
812 2967 832 3018 1.
851 2966 902 3019 274
921 2968 1008 3033 (278),
1026 2968 1090 3020 lior.
1111 2964 1158 3018 0d.
1171 2964 1213 3014 tv.
1232 2961 1257 3012 8.

154 3071 168 3105 s
197 3053 331 3117 Tomyrlde
367 3052 456 3118 regina
488 3053 688 3115 Massagetarum
722 3050 766 3116 22,
785 3049 1073 3104 otiosissimos.
1098 3048 1186 3101 Paullo
1200 3051 1258 3098 ante

153 3138 307 3189 trucidatum
336 3151 394 3188 esso
419 3140 479 3203 post
503 3134 600 3187 Herod.
620 3134 641 3187 l.
666 3148 688 3184 c.
725 3136 786 3187 Ven.
802 3133 956 3202 (lencilino.
975 3138 1034 3189 illos
1049 3132 1186 3188 tresccdd.
1200 3131 1260 3184 msti

153 3223 204 3276 205
218 3237 275 3290 sqq.
302 3222 372 3272 mulli
395 3221 548 3273 retulerunt.
585 3220 624 3271 Cl.
643 3219 688 3269 lu·
723 3219 1007 3274 cthsn.lluc.lllor.
1027 3210 1258 3289 τῇπρόίκαὶξ
1352 3227 1358 3233 ’

153 3308 213 3360 slin.
231 3307 299 3359 Hist.
317 3307 337 3356 l.
355 3321 378 3357 c.
393 3303 411 3355 8
429 3310 455 3355 et
472 3305 567 3356 Euseb.
591 3304 687 3355 Chrco.
722 3311 782 3359 nat.
802 3310 844 3360 M.
865 3311 910 3372 (z
926 3308 968 3360 15.
984 3306 1062 3373 Api.)
1081 3306 1180 3371 legunt,
1199 3319 1258 3355 cae·

154 3393 184 3444 ad
209 3391 309 3457 Olymp.
330 3388 363 3442 62
390 3389 442 3454 (ed.
460 3389 574 3441 Aucher.
601 3389 630 3440 T.
647 3389 687 3453 ΙΙ)
723 3393 771 3443 leri
796 3407 856 3444 vero
882 3392 954 3447 editt.
979 3392 1013 3462 τῇ
1038 3386 1094 3458 mcci
1121 3385 1137 3444 ι’
1165 3386 1213 3442 καὶ
1231 3382 1257 3439 α’

153 3474 249 3544 p.2o1.
267 3476 384 3528 Dueaeus
396 3473 459 3524 male
474 3473 582 3525 coniecit
595 3476 685 3536 Τομυ·
723 3481 782 3528 cal.
797 3480 839 3529 Μ.
860 3478 1025 3543 (,‚undcoirno
1044 3475 1160 3528 calendas
1177 3474 1259 3528 Matio

154 3561 234 3626 cidon
251 3556 281 3614 ἐν
299 3558 494 3624 Μασσαγετῶν
512 3551 598 3627 χώρᾳ.
632 3559 688 3609 illa·
724 3579 757 3609 :
772 3561 813 3613 ot.
828 3562 906 3629 hpr.)
922 3563 1069 3615 effecerunt.
1088 3563 1150 3614 Nam
1164 3562 1195 3611 dc
1209 3560 1258 3612 Pa-

153 3648 203 3698 luil
215 3645 253 3696 lo.
265 3645 393 3696 Bubetios
408 3642 688 3708 (Reoherclresctllis-
724 3647 782 3697 liliis
802 3646 954 3697 Plutarchus
974 3647 1000 3697 in
1020 3647 1071 3695 rita
1090 3645 1190 3696 Romuli
1209 3644 1258 3696 cit:

154 3731 293 3783 certatione
311 3744 355 3780 sur
369 3725 499 3779 Herodoto
517 3740 542 3793 p.
556 3723 620 3793 197)
638 3727 689 3792 legi
725 3724 768 3782 ὅτι
792 3726 844 3795 μὲν
868 3719 920 3782 οὖν
946 3724 964 3797 ἡ
983 3729 1072 3791 κτίσις
1095 3727 1205 3795 γένοιτο
1223 3731 1258 3798 τῇ

157 3819 228 3881 Τομ.
257 3811 287 3868 ἐν
306 3812 446 3883 Ἀβασγίᾳ,
472 3811 553 3862 fretus
578 3813 689 3863 auctori·
725 3808 780 3880 cccci
796 3811 895 3869 ἕνδεκα
908 3816 1056 3869 καλανδῶν
1069 3814 1176 3869 Meton
1190 3809 1259 3879 ὁμο·
1329 3879 1335 3887 ¹

155 3905 207 3955 lale
223 3901 339 3967 lacteae,
358 3896 556 3951 chiflletchil.
572 3899 601 3947 V.
621 3913 642 3948 c.
659 3895 691 3948 17
725 3903 856 3968 onychas.
893 3899 966 3952 Adde
992 3901 1039 3953 lul.
1063 3900 1144 3954 Solio.
1168 3899 1258 3963 Polyh.

156 3982 691 4048 etlill.c.451Massagetachbasgi
726 4003 747 4038 c.
767 3985 791 4036 2.
820 3985 879 4038 Non
895 3988 973 4037 mulo.

156 4065 316 4140 (⁹Apccpcc)
340 4075 408 4122 suunt.
442 4067 543 4120 Ncltius
561 4083 613 4133 „ex
631 4068 691 4123 Par.
794 4067 819 4122 t.
846 4065 1017 4138 drucprjacc]
1045 4068 1126 4124 Gesn.
1146 4074 1172 4121 el
1189 4068 1257 4121 hier.

155 4158 306 4223 vestigiis‘:
327 4159 395 4221 Tcp.
411 4150 439 4208 ἐν
456 4151 663 4221 Mccccpe'rccc.
726 4152 756 4210 db
774 4150 909 4223 καμήλου.
