2836 4852
201 295 227 379 ¹ae
261 373 263 377 v
559 268 948 345 nuonnsomnuu.

202 466 289 532 runt
314 459 367 550 (c.
389 458 453 549 2),
478 457 574 527 inter
602 477 686 528 sese
718 464 756 528 et
790 479 915 529 secum
939 457 1011 547 ipsi
1038 456 1198 550 litigant,
1225 460 1318 528 deos

203 596 288 656 esse
308 602 403 653 nuuc
426 587 598 652 asserunt
622 603 718 652 nunc
745 588 900 675 negant,
934 581 1209 671 providentiam
1232 603 1319 654 mox

203 707 406 780 defendunt
431 726 516 776 mox
540 713 722 799 evertunt,
750 713 877 796 stupra
902 712 940 775 et
965 707 1148 776 adulteria
1174 708 1318 800 docent,

203 833 294 926 ipsis
320 831 392 901 uiis
419 830 607 924 horrenda
635 830 776 922 flagitia
805 837 842 899 et
876 832 1053 901 scelestas
1091 851 1226 901 coenas
1256 843 1319 902 at-

204 958 371 1030 tribuunt
397 957 449 1046 (c.
472 956 530 1045 3).

304 1080 492 1152 Eiusmodi
524 1080 637 1149 rebus
671 1078 901 1170 Theophilus
930 1083 1103 1151 lubenter
1138 1102 1320 1172 superse-

204 1209 339 1298 disset3
380 1206 448 1275 sed
482 1223 590 1292 quum
625 1205 771 1276 videret
792 1205 1016 1298 Autolycum
1045 1204 1167 1275 adhuc
1197 1209 1319 1279 animo

204 1332 382 1403 fluctuare
406 1349 451 1399 ac
472 1329 700 1400 sermonibus
722 1331 909 1401 hominum·
931 1331 1141 1403 insanorum
1165 1334 1319 1426 moveri,

205 1459 267 1548 qui
297 1454 516 1526 christianis
556 1452 605 1523 1⁰.
639 1457 803 1545 epulas
833 1453 1058 1526 humanae
1090 1455 1262 1524 carnis·
1283 1461 1321 1526 et

205 1580 253 1653 20.
279 1578 581 1672 promiscuos
618 1580 902 1649 concubitus
939 1579 1166 1670 affingebant
1204 1585 1315 1667 atquo

205 1703 256 1778 3⁰.
290 1725 418 1775 eorum
452 1703 718 1774 doctrinam
756 1723 863 1772 esse
897 1709 1136 1772 recentem
1171 1704 1318 1775 dictita-

206 1831 312 1924 bant,
345 1828 554 1900 uberiorem
590 1828 661 1896 sibi
696 1828 978 1916 disputationem
1009 1829 1055 1897 de
1083 1827 1318 1899 Christiano-

207 1974 288 2024 rum
316 1952 524 2022 innocentia
552 1957 589 2020 et
618 1952 834 2041 antiquitate
858 1953 1127 2042 suscipiendam
1149 1973 1232 2024 esse
1258 1955 1319 2024 in-

208 2077 346 2148 dicavit
372 2079 424 2166 (c.
446 2077 504 2166 l).

310 2201 468 2271 Primum
503 2200 616 2290 igitur
649 2201 877 2273 demonstrat
908 2202 1115 2273 istorum
1149 2204 1318 2273 crimi-

207 2347 310 2398 num
341 2323 562 2416 gravissima
599 2325 637 2393 in
672 2325 1011 2414 scriptoribus
1048 2328 1318 2418 gentilibus

206 2451 360 2543 indicia;
397 2450 535 2519 nullam
568 2469 722 2538 prorsus
757 2450 794 2518 in
828 2448 1124 2521 Christianis
1159 2452 1318 2522 haerere

207 2576 461 2667 suspicionem.

306 2698 449 2768 Etenim
474 2698 639 2767 nonnulli
666 2697 893 2791 philosophi,
920 2705 960 2768 ut
985 2699 1086 2770 Zeno
1116 2700 1317 2773 Cleanthes

204 2823 405 2915 Diogenem,
432 2825 565 2893 docent
591 2822 767 2891 humanas
794 2843 924 2891 carues
951 2844 1087 2894 vorare
1114 2832 1218 2895 etue
1245 2847 1317 2916 pa-

204 2944 371 3015 rentibus
411 2947 556 3033 quidem
594 2966 750 3035 parcere
784 2945 836 3036 (c.
868 2946 925 3036 5).
988 2945 1121 3018 Omnes
1154 2950 1235 3020 fere
1268 2953 1316 3021 de

204 3069 355 3151 incestis
390 3069 641 3140 concubitibus
676 3071 913 3140 conveniunt:
959 3071 1065 3142 Plato
1106 3094 1315 3145 communes

203 3213 340 3264 uxores
369 3215 452 3264 esse
480 3195 702 3284 praescribit
731 3201 769 3263 et
801 3193 980 3285 Epicurus
1013 3200 1315 3270 consuetudinem

204 3319 323 3409 stupri
341 3339 422 3389 cum
444 3301 621 3389 matribus
644 3340 687 3389 ac
709 3322 899 3390 sororibus
923 3323 1161 3392 commendat.
1201 3323 1314 3394 lmmo

203 3439 297 3512 haec
320 3442 479 3514 nefanda
507 3444 647 3534 flagitia
675 3465 747 3513 non
772 3446 939 3515 dubitant
964 3447 1001 3514 in
1026 3448 1114 3517 deos
1141 3448 1314 3519 conferre

204 3566 257 3656 (c.
282 3567 342 3656 o).
393 3567 507 3662 Nam,
543 3590 651 3657 quum
684 3567 775 3638 nihil
807 3571 950 3640 omnino
985 3578 1198 3650 constanter
1225 3593 1314 3644 seu·

202 3689 313 3783 bunt,
352 3711 417 3762 cos
449 3694 577 3764 clicunt
611 3699 676 3764 aut
713 3714 760 3764 ex
799 3696 930 3763 atomis
962 3702 1132 3766 constare
1170 3703 1235 3768 aut
1256 3699 1312 3769 ,in

201 3822 344 3887 atomos
375 3817 479 3887 abire
512 3824 576 3888 aut
610 3817 822 3888 materiales
857 3840 939 3890 esse
972 3824 1035 3890 aut
1072 3823 1210 3893 nullam
1238 3821 1313 3892 luo·

199 3940 335 4012 mum
356 3960 481 4012 curam
503 3961 654 4032 gerere3
681 3942 835 4014 annnam
856 3945 1099 4017 immortalem
1121 3967 1231 4034 quum
1251 3947 1312 4017 di-

199 4065 337 4158 xoiiut,
361 4064 399 4135 in
422 4063 496 4135 alia
522 4064 706 4137 hominnm
731 4070 793 4137 vel
822 4070 1029 4140 belluarum
1055 4091 1214 4162 corpora
1239 4073 1313 4144 ml·-
