2836 4852
201 298 286 351 xcvr
559 272 945 349 ructuantium,

201 465 456 537 honorandum
485 483 585 552 esse,
618 463 673 534 ita
696 468 836 559 tamem
862 468 903 533 ut
932 459 1142 549 haudquam
1164 462 1306 533 adorc-

201 597 264 661 τω
286 590 337 681 (0.
358 589 441 680 11).
1046 567 1048 569 ’

207 756 210 761 -
302 713 378 786 Iam
413 712 809 786 Christianorum
840 732 1004 783 nomen
1032 711 1131 801 quod
1162 709 1306 806 attinet,

201 843 429 914 demonstrat
453 838 681 931 Theophilus
710 839 749 909 id
776 859 850 909 uon
874 838 969 932 risu,
1001 841 1042 906 ut
1069 837 1160 907 deos
1181 837 1307 911 Auto-

199 967 293 1061 lyci,
317 966 464 1057 dignum
487 985 586 1059 esse,
613 967 681 1035 sed
703 984 783 1035 rem
808 964 961 1036 maxime
985 981 1135 1033 suavem
1158 984 1203 1034 ao
1227 964 1307 1034 uti·

199 1088 684 1182 lemsigniiicare(c.12).
820 1112 823 1117 ·
873 1119 874 1123 ¹

303 1215 421 1301 Quum
452 1221 588 1286 autem»
604 1215 788 1306 petiisset.
803 1215 1006 1304 Autolycus
1043 1210 1202 1300 aliquem
1234 1212 1307 1283 sibi

202 1360 250 1412 ex
275 1341 429 1414 mortuis
458 1341 667 1414 redivivum
687 1341 904 1435 monstrari,
936 1349 1122 1427 quumque
1140 1338 1307 1409 creditu-

201 1486 345 1538 rumne
369 1466 600 1557 promisisset
621 1468 652 1537 si
676 1444 785 1557 quem*
802 1469 958 1541 vidisset
980 1465 1178 1551 eiusmodi,
1210 1462 1307 1533 reiis·

201 1594 252 1666 oit
274 1613 356 1664 eum
378 1591 606 1683 Theophilus
632 1594 681 1664 ad
702 1593 896 1667 Herculem
920 1601 958 1667 et
981 1590 1241 1680 Aesculapium
1259 1609 1307 1658 ac

202 1719 426 1791 aroditarum
460 1718 605 1790 dubitat
633 1720 778 1790 etiamsi
808 1726 1035 1793 mortuorum
1068 1717 1228 1806 aliquem
1256 1715 1305 1786 ad

201 1829 316 1916 vitam
337 1849 548 1915 revocatum
571 1843 707 1915 videat.
759 1844 836 1916 Sed
858 1851 999 1940 tamen,
1022 1851 1063 1916 ut
1086 1842 1307 1916 obstinatum

200 1968 358 2059 frangat
373 1968 547 2061 animum,
574 1969 699 2040 obiicit
722 1969 760 2040 in
782 1971 895 2042 rebus
918 1977 1003 2042 ante
1027 1972 1154 2041 oculos
1175 1966 1308 2058 positis

201 2093 380 2184 imagines
413 2092 590 2183 quasdam
623 2096 921 2191 resurrectionis,
956 2099 1059 2168 velut
1091 2096 1129 2165 in
1164 2094 1307 2164 dierum

201 2218 608 2315 noctiumque‘vioibns,
631 2220 669 2290 iu
689 2221 847 2293 mirabili
857 2222 1013 2312 xfrugum
1032 2241 1077 2293 ao
1098 2221 1307 2311 plantarum

200 2345 377 2417 nascendi
401 2344 557 2439 ratione,
581 2346 619 2415 in
640 2348 751 2418 lunae
774 2347 1046 2417 descrescentia
1067 2345 1219 2416 interitu
1239 2366 1306 2415 re-

202 2470 449 2566 surrectione,
476 2470 515 2540 in
534 2471 719 2544 homiuum
741 2473 1011 2563 aegrotantium
1039 2473 1090 2543 ad
1114 2471 1306 2563 pristinam

202 2597 397 2669 sanitatem
418 2601 456 2667 et
477 2595 632 2668 formam
654 2597 885 2669 restitutione
912 2599 966 2690 (o.
986 2599 1070 2690 13).
1108 2597 1222 2668 Suum
1236 2597 1308 2667 de·-

200 2723 310 2814 nique
336 2724 541 2813 exemplum
563 2723 760 2813 proponitt.
787 2724 1088 2813 quemadmodum
1113 2724 1194 2814 ipse
1219 2723 1308 2795 olim

201 2848 433 2941 incredulus,
470 2853 547 2917 tum
584 2848 789 2919 rationibus
823 2850 898 2919 illis
933 2858 1009 2922 tum
1042 2849 1307 2940 scripturarum

200 2972 359 3045 lectione
379 2978 586 3061 eventuque
604 2972 902 3064 propheticorum
923 2977 1157 3046 oraculorum
1174 2975 1307 3046 couvi·-

202 3104 292 3193 otus,
317 3098 527 3194 crediderit,
550 3098 648 3169 idem
669 3119 763 3170 nuno
779 3099 966 3193 Autolyco
987 3099 1192 3173 iaciendum
1214 3119 1306 3170 cen-

202 3230 271 3320 set,
294 3245 352 3320 ne,
377 3225 410 3295 si
427 3246 520 3297 nuno
546 3224 685 3296 utiliter
707 3226 861 3296 credere
886 3226 987 3321 nolit,
1013 3227 1154 3298 frustra
1178 3227 1307 3298 credat

202 3352 399 3442 aliquando
423 3350 461 3421 in
483 3357 675 3430 aeternum
697 3350 819 3442 ignem
841 3351 1027 3424 coniectus
1057 3353 1108 3444 (c.
1126 3353 1211 3444 ll).

592 3575 628 3642 2.
657 3572 747 3641 Llhrt
768 3575 909 3641 secundi.

301 3723 405 3794 Hunc
429 3722 563 3797 librum
585 3723 760 3812 produxit
782 3722 949 3794 insecuta
971 3722 1147 3816 Autolyci
1168 3721 1306 3793 cohor-

201 3851 293 3924 tatio
309 3850 359 3921 ad
374 3850 472 3920 idem
488 3854 743 3938 argumentum
761 3847 878 3921 fusius
895 3849 1186 3921 continuandum.
1223 3845 1305 3917 ltu-

203 3997 273 4070 quc
305 3973 532 4064 Theophilus
567 3974 819 4046 demonstrare
854 3975 1009 4049 instituit
1044 3974 1306 4046 stultitiam

203 4099 584 4194 superstitionis,
609 4099 667 4171 oui
691 4100 755 4172 ille
777 4100 947 4174 addictus
968 4106 1059 4195 crat,
1088 4101 1194 4191 eique
1217 4120 1305 4170 vc-
