2836 4852
460 293 843 369 PROLEGOMENA.
1155 325 1205 374 xv

98 484 258 556 tionibus
295 484 543 572 allegaturum
578 482 854 572 diligentissime
892 484 1051 580 confeci,
1094 493 1136 559 ui
1167 489 1204 561 in

98 610 190 680 meis
227 609 517 699 Apologetarum
554 629 647 697 quos
683 613 793 678 antea
834 612 1034 680 memoravi
1068 614 1205 684 editio·
1289 654 1291 658 ν

96 737 238 806 nibus.v
463 734 465 739 ’

196 860 268 930 Ubi
292 879 392 930 meas
415 860 463 927 ad
485 858 611 928 lustini
633 858 727 928 Phil.
752 865 790 928 et
812 859 922 928 Mart.
949 857 1072 949 Opera
1097 866 1203 931 notas

95 985 161 1074 (ε
179 986 235 1076 n.)
262 985 432 1078 laudavi,
457 1004 545 1055 usus
571 1005 649 1054 snm
672 985 832 1055 editione
858 987 988 1054 ultera.

257 1207 322 1294 ΙΙ.
361 1208 430 1292 De
460 1205 685 1292 codicibus
713 1208 1037 1322 manuscriptis.

196 1369 445 1461 Reperiuntur
458 1372 581 1463 hodie,
605 1379 645 1440 ut
661 1372 918 1463 investigando
935 1373 1103 1466 cognovi,
1126 1377 1202 1443 tres

92 1499 234 1563 tanturn
258 1497 456 1586 Theophili
483 1498 530 1565 ad
557 1497 778 1586 Autolycum
803 1497 950 1566 codices
975 1518 1084 1566 mann
1110 1518 1203 1566 exa-

91 1619 187 1688 rati:
229 1641 384 1708 quornm
418 1619 575 1710 primun,
612 1600 776 1689 Venetiis
811 1626 1001 1713 servatus,
1038 1622 1203 1711 potiores

92 1744 272 1814 lectiones
295 1744 508 1835 suppeditat
534 1751 571 1813 et
595 1746 761 1837 ultimus,
788 1745 822 1813 h.
844 1766 875 1813 e.
901 1745 1105 1839 Parisinus,
1131 1766 1204 1816 non

93 1870 253 1939 'continet
282 1869 353 1938 nisi
378 1867 526 1937 tertium
553 1867 835 1959 'l'heophilensis
860 1870 983 1960 operis
1006 1871 1140 1941 librum
1154 1871 1202 1960 iJ.

94 1993 150 2062 Ao
175 1988 227 2065 de
246 1995 292 2063 iis
319 1992 464 2083 quidem
488 1993 692 2086 codicibuS,
717 2014 739 2062 a
763 1997 862 2064 nullo
891 1994 1034 2064 editore
1060 1997 1108 2066 ad
1131 1995 1202 2067 boc

92 2139 212 2208 usque·
234 2127 375 2209 tempus
401 2125 528 2188 curate
551 2119 748 2208 descriptis
760 2117 822 2207 ii)
848 2119 971 2208 (immo
991 2121 1130 2210 primus
1148 2122 1203 2190 is-

93 2252 164 2332 que
191 2243 461 2334 antiquissimus
486 2249 524 2310 et
545 2244 882 2332 praestantissimus
905 2245 1068 2315 editores
1088 2266 1202 2336 pror-

94 2390 158 2439 sus
183 2365 399 2468 fugit),·hic
425 2368 594 2438 referam.

145 2494 159 2512 ⁸
194 2493 221 2564 l.
261 2494 383 2564 Codex
414 2474 565 2563 Venetus
589 2515 751 2585 graecus
776 2474 1044 2587 CCCCXCVI,
1074 2495 1202 2564 Vene-

94 2620 154 2689 tiis
180 2620 218 2689 in
246 2616 475 2690 Bibliotheca
502 2618 539 2688 S.
564 2615 685 2684 Marci
710 2623 941 2710 asservatuS,
976 2618 1060 2686 olim
1085 2639 1202 2707 pecu-

93 2743 180 2814 lium
199 2744 407 2816 cardinalis
426 2740 658 2813 Bessarionis
686 2741 747 2831 (ut
769 2734 992 2831 idiographa
1013 2742 1090 2813 eius
1115 2748 1202 2813 nota

165 2974 193 3043 ²)
213 2975 352 3029 Contendit
368 2974 543 3029 Noutriuu
566 2975 594 3025 in
610 2973 707 3042 Appen.
732 2971 763 3026 ad
782 2973 964 3026 Bibliothecun
982 2972 1051 3028 linx.
1071 2976 1133 3026 veit.
1152 2975 1204 3029 Pc-

93 3063 161 3111 trum
185 3060 215 3112 P.
233 3061 253 3112 l.
278 3075 304 3131 p.
323 3059 374 3113 507
398 3059 485 3128 plures
504 3058 610 3111 Parisiis
634 3058 660 3109 in
682 3055 840 3110 Bibliotheca
864 3057 944 3124 Regia
971 3058 1096 3111 librorum
1117 3058 1204 3111 Theo·

92 3143 156 3214 phili
175 3142 207 3196 ed
222 3142 375 3210 Autolycum
394 3143 494 3196 codices
513 3157 587 3194 manu
607 3146 725 3194 excretos
743 3141 880 3206 asservari,
898 3142 1014 3194 nimirum
1033 3141 1157 3212 deceptus
1169 3168 1203 3180 -

93 3229 191 3294 pariter
208 3232 284 3296 utque
304 3226 448 3280 Woliius
466 3228 493 3279 in
512 3225 573 3278 edit.
595 3224 709 3293 Theoph.
729 3225 813 3278 Praei.
832 3241 857 3290 p.
876 3226 945 3278 xxv
970 3229 996 3277 ei
1016 3225 1071 3278 eius
1088 3224 1204 3292 vestigiis

94 3310 372 3364 Thicnemuuuus
390 3311 417 3362 in
435 3310 550 3362 translat.
570 3311 683 3379 Theoph.
703 3326 782 3376 germ.
801 3309 898 3364 lntrod.
917 3329 943 3379 p.
965 3308 997 3362 15
1015 3337 1049 3348 -
1068 3309 1128 3361 noti
1147 3309 1203 3362 Iiu-

93 3395 186 3447 eccuni
205 3395 246 3464 (p.
264 3393 310 3462 39)
330 3393 360 3444 ud
379 3394 455 3446 verbu
474 3395 553 3446 πᾶσα
571 3391 588 3460 ἡ
608 3388 654 3447 ὑπ’
674 3389 798 3460 ου’ρανόν
817 3393 860 3446 lib.
877 3393 897 3444 l.
917 3409 939 3446 c.
957 3392 1004 3459 12,
1031 3409 1105 3462 quum
1129 3395 1203 3448 oculo

92 3479 207 3547 inqnexit
230 3478 362 3547 admodum
387 3476 478 3529 veloci.
522 3477 625 3530 Etenim
652 3477 816 3531 linceeus:
845 3477 983 3544 ‚‚Porrc,“
1009 3480 1108 3547 inquit,
1136 3473 1203 3546 „du'

95 3556 138 3616 ου’
146 3560 259 3628 ccede
277 3563 368 3632 scripsi
386 3562 466 3629 priori
484 3562 540 3613 loco
560 3561 666 3631 [nempe
682 3560 811 3613 Proverb.
826 3559 853 3626 8,
870 3558 917 3628 26]
937 3567 965 3614 ut
983 3563 1119 3629 posteriori
1139 3561 1168 3630 [l.
1180 3579 1203 3616 c.

94 3647 126 3713 8,
142 3647 191 3701 28:
219 3653 357 3715 utrumque
382 3644 480 3699 scilicet
506 3647 590 3699 locum
616 3651 688 3698 antec
714 3644 850 3712 laudaritJ,
878 3649 1001 3712 sequutus
1027 3647 1203 3700 auctoritate·

94 3731 170 3798 liegii
188 3731 282 3783 codicis
300 3748 347 3783 ms.
367 3729 404 3797 [h.
422 3744 445 3780 e.
466 3730 680 3795 Proverbiorum,
703 3730 848 3797 neutiquam
866 3728 1028 3798 Theophili];
1054 3731 1117 3784 mele
1136 3732 1204 3784 enirn

94 3816 120 3868 in
138 3816 239 3869 excusis
259 3815 327 3884 [scil.
344 3814 453 3878 bibliis,
472 3813 503 3864 cl.
522 3813 577 3865 Vei.
596 3813 667 3866 lest.
686 3828 725 3880 gr.
745 3828 767 3866 c.
787 3828 839 3867 rur.
858 3808 929 3867 lectt.
947 3813 987 3866 cd.
1006 3815 1203 3869 Holmes-Ptr-

93 3913 165 3954 eous
183 3901 213 3954 T.
228 3900 283 3952 111:
300 3898 428 3952 Proceri.
445 3897 472 3962 8,
489 3896 536 3964 to]
557 3902 597 3950 est
614 3889 662 3950 ὑπ’
681 3891 876 3964 cdpoevciv.“
952 3929 954 3933 >

59 3989 61 3992 ’
163 3986 210 4051 ⁸*)
236 3985 269 4040 li.
288 4000 314 4050 g.
332 3983 480 4035 Wolilus
498 3981 516 4033 l.
535 3996 557 4034 c.
575 3986 650 4050 utque
669 3980 811 4050 pendentes
829 3995 862 4032 ex
879 3995 910 4033 eo
929 3980 1203 4034 Thicuemunnuo

94 4067 116 4120 i.
131 4083 154 4121 c.
179 4073 207 4121 ct
231 4067 467 4140 Humphreins
491 4066 519 4118 in
544 4065 605 4118 edit.
625 4067 739 4136 Theoph.
760 4065 838 4119 Proli.
858 4081 884 4133 p.
905 4064 964 4116 vul
988 4065 1075 4117 dicunt
1091 4060 1202 4114 codicem

93 4150 264 4206 Bodleienum
280 4150 385 4206 mculo
402 4150 438 4202 tlt
457 4149 500 4203 vel
515 4148 537 4202 X
554 4155 684 4204 euentum
700 4150 777 4204 essct
794 4177 827 4190 -·
854 4148 961 4203 (lodices
978 4151 1059 4203 metes
1078 4143 1145 4214 qnod
1161 4151 1202 4201 ct·

94 4233 176 4304 tinet,
192 4235 256 4290 ulios
274 4237 387 4291 virerum
405 4233 537 4289 ductorum
555 4249 658 4288 errores
675 4235 777 4290 silentiu
795 4236 938 4305 praetereo.
1084 4234 1087 4239 '
