2836 4852
211 271 256 340 8⁶
520 271 739 339 ’mmmm
758 270 1011 339 mmmmm

215 443 268 511 ναλ
289 443 423 509 έστωσαν
444 443 488 520 εές
509 448 627 522 φαάσιν
645 441 716 508 ”zv
733 446 778 529 τῷ
791 441 970 524 στερεάματι
985 443 1041 506 τοθ
1050 435 1191 522 ὀόρανοῦ
1206 441 1329 520 φαίνειν
1339 455 1373 512 90

216 553 265 620 int
288 558 343 636 τῆς
363 557 425 637 γῆς.
466 554 525 617 Καὶ
548 554 660 636 ἐγένετο
680 553 788 628 οὕτως.
823 553 884 616 Καὶ
904 552 1042 632 έποέησεν
1063 546 1168 624 όθεός
1186 548 1257 626 τοός
1271 551 1331 616 όάο

216 666 379 743 φωστήρας
400 659 472 737 τοός
493 663 647 745 μεγάλους,
670 661 725 727 τόν
746 666 895 744 φωσιήρα
914 658 968 726 τόν
990 663 1083 745 μέγαν
1104 662 1149 734 ελς
1165 655 1260 743 άρχάς
1275 666 1332 742 τῆς

214 768 336 853 ἡμέρας,
360 772 410 835 ιιαλ
434 769 486 835 τόν
507 777 653 855 φωστήρα
673 773 728 836 τόν
750 771 865 836 ἐλάσσω
888 771 931 844 εἰς
952 765 1047 851 όρχάς
1067 774 1120 850 τῆς
1138 770 1257 847 ιινιιτός,
1277 772 1332 838 καλ

215 881 288 955 νοός
307 876 450 962 όστέρας·
472 880 521 944 καλ
544 882 631 945 ἔθετο
653 879 765 956 αάτοός
780 877 800 946 ό
814 876 888 954 θεός
904 881 937 944 έν
953 882 996 962 tq?
1014 875 1192 961 στερεάματι
1207 887 1262 946 τοῦ
1277 879 1330 946 οό-

215 993 321 1073 ρανοά,
344 987 420 1054 ὅστε
434 992 556 1068 φαίνειν
574 991 621 1055 ἐπὶ
637 996 693 1073 τῆς
708 993 774 1075 γῆς,
797 989 847 1055 καλ
863 986 964 1070 άρχειν
980 992 1034 1068 τῆς
1045 986 1157 1071 ήμέρας
1170 991 1220 1053 ιιαλ
1237 989 1332 1073 18τῆς

215 1095 336 1174 ννιιτός,
357 1099 407 1163 ιιαλ
427 1100 612 1183 θιαχωρέζειν
631 1095 690 1164 άνά
712 1102 803 1181 μέσον
824 1101 879 1162 τοῦ
899 1095 1003 1178 φωτός
1023 1097 1074 1160 ααλ
1093 1093 1152 1163 άνά
1166 1099 1258 1178 μέσον
1273 1103 1332 1164 τοό

216 1207 352 1282 σιιότους.
399 1208 461 1272 Kal
484 1205 564 1272 εἷόεν
586 1206 604 1274 6
626 1207 699 1285 θεός
721 1205 767 1273 ότι
787 1204 891 1274 ιιαλόν.
933 1209 993 1272 Καὶ
1015 1208 1127 1291 ἐγένετο
1149 1208 1258 1289 έσπέρα
1278 1209 1331 1274 νιαλ

213 1316 327 1400 έγένετο
346 1320 435 1400 πρωΐ,
457 1315 552 1399 ήμέρα
572 1314 705 1399 τετάρτη.
753 1319 812 1382 Καὶ
834 1315 916 1383 εἶπεν
936 1314 955 1382 6
976 1314 1067 1393 θεός·
1088 1315 1269 1400 Ἐξαγαγέτω
1290 1318 1329 1384 τό

214 1421 310 1492 &aava
333 1425 438 1510 έρπετά
467 1433 577 1510 ψυχάν
599 1432 716 1505 ζωσάν,
739 1429 787 1492 καὶ
812 1429 931 1491 πετεινά
952 1426 1100 1507 πετόμενα
1126 1427 1175 1490 ἐπὶ
1196 1429 1250 1507 τής
1271 1432 1329 1510 γῆς

213 1536 289 1599 κατά
305 1535 337 1600 τό
353 1538 502 1620 στερέωμα
519 1541 574 1602 τοῦ
587 1534 731 1618 οόρανοῦ.
762 1538 821 1602 Kal
844 1539 956 1622 έγένιτο
973 1535 1078 1610 οὕτως.
1114 1537 1175 1599 Καὶ
1189 1537 1361 1616 έιτοέησενΒ

214 1641 234 1708 6
256 1645 330 1720 θεός
351 1647 387 1712 τά
410 1643 486 1728 κήτη
509 1644 546 1710 τό
568 1649 677 1730 μεγάλοι
698 1648 748 1712 ιιαλ
770 1653 871 1711 πᾶσαν
896 1648 1001 1728 ψυχήν
1022 1646 1111 1720 ζάων
1137 1646 1282 1726 ἑρπετόν,
1308 1641 1328 1711 ό

214 1751 393 1840 κἐξήγαγεν
411 1755 447 1820 τά
467 1753 564 1821 όόατα
577 1754 652 1822 νατά
666 1758 737 1840 γένη
753 1754 866 1836 αότοῖν,
886 1757 937 1820 ιιαλ
952 1761 1014 1819 πάν
1027 1754 1163 1820 πετεινόν
1175 1754 1328 1836 πτερωτόν

213 1863 287 1929 md
311 1865 405 1947 γένος.
437 1867 496 1929 Καὶ
518 1863 595 1930 εόόεν
617 1864 636 1931 6
658 1864 731 1941 θεός
753 1865 800 1929 ὅτι
820 1866 908 1930 ιιαλά.
941 1867 1000 1929 Καὶ
1023 1861 1183 1946 εόλόγησεν
1207 1860 1327 1929 αότάό

212 1971 287 2048 θεός
301 1975 410 2056 λέγων·
432 1973 611 2052 Αάξάνεσθε
630 1976 679 2038 ιιαλ
694 1975 900 2055 πληθόνεσθε,
923 1976 973 2039 ιιαλ
988 1971 1163 2055 πληράσατε
1179 1970 1214 2036 τά
1229 1968 1328 2036 όόοεα

212 2085 266 2161 τῆς
287 2079 457 2164 θαλάσσης,
487 2085 537 2147 ιιαλ
560 2083 596 2147 τά
618 2082 735 2148 πετεινά
764 2085 944 2164 πληθυνέτω
969 2087 1017 2150 ἐπὶ
1043 2089 1099 2166 τῆς
1117 2087 1183 2166 γῆς.
1227 2081 1328 2147 ηΚαέ

210 2191 324 2274 ἐγένετο
340 2192 449 2273 έσπέρα
463 2193 512 2256 ιιαλ
528 2194 642 2277 ἐγένετο
657 2195 745 2275 πρωΐ,
764 2190 861 2274 ήμέρα
876 2195 1003 2275 πέμπτη.
1034 2194 1094 2257 Καὶ
1108 2189 1190 2256 εἶπεν
1204 2189 1224 2256 6
1238 2186 1327 2267 θεός·

207 2297 385 2385 Ἐξαγογέτω
404 2300 479 2386 ήγή
495 2301 599 2384 ψυχήν
621 2305 723 2378 ζάσαν
744 2304 819 2367 ιιατά
842 2305 936 2386 γένος,
957 2302 1124 2383 τετράποόα
1143 2301 1193 2364 καὶ
1216 2298 1325 2383 έρπετά

209 2412 260 2475 ιιαλ
284 2415 379 2495 θηρλα
400 2418 457 2495 τῆς
475 2417 529 2496 γῆς
551 2413 626 2476 κατά
646 2413 739 2495 γένος.
770 2413 829 2476 Καὶ
844 2413 957 2498 ἐγένετο
973 2408 1077 2485 οὕτως.
1108 2411 1168 2474 Καὶ
1185 2411 1326 2491 έποέησεν

210 2517 230 2587 6
236 2519 315 2598 θεός
333 2523 370 2588 τά
385 2525 479 2607 θηρία
494 2527 547 2604 τής
563 2527 617 2606 γῆς
635 2519 709 2587 ιιατά
731 2523 825 2603 γένος,
845 2523 895 2587 ιιαὶ
916 2519 952 2588 τά
973 2522 1070 2603 ιιτήνη
1093 2518 1121 2558 ¹⁶
1130 2520 1205 2583 ιιατό
1227 2520 1357 2602 γένος,1λ

209 2633 259 2699 ιιαλ
279 2634 377 2698 πάντα
397 2631 433 2700 τά
456 2634 561 2717 ἑρπετά
590 2632 677 2713 Πτής
697 2636 759 2715 γῆς.
803 2633 864 2696 Καὶ
885 2627 964 2695 εἶδεν
983 2629 1001 2695 ό
1022 2630 1096 2705 θεός
1115 2628 1163 2694 ότι
1187 2629 1326 2695 έθιιαλόν.

208 2743 269 2806 Καὶ
289 2739 372 2806 εἶπεν
393 2741 411 2807 6
432 2742 520 2818 θεός·
554 2739 736 2822 Ποιήσωμεν
769 2739 937 2824 άνθρωπον
966 2735 1029 2804 κατ’
1053 2734 1156 2803 εέιιόνα
1177 2736 1326 2823 ήμετέραν

206 2849 257 2913 ααλ
273 2846 344 2912 καθ’
363 2847 517 2931 όμοέωσιν,
538 2853 588 2915 ιιαλ
610 2849 782 2933 άρχέτωσαν
804 2857 867 2916 τοῖν
888 2850 1009 2933 ἰχθύων
1024 2852 1078 2929 τής
1096 2845 1251 2930 θαλάσσης
1273 2849 1325 2914 καὶ

209 2963 273 3022 τόν
294 2966 441 3024 πετεινῶν
468 2967 523 3026 τοῦ
545 2960 680 3044 οόρανοά
708 2962 758 3025 καλ
780 2966 843 3026 τάν
864 2964 983 3041 πτηνῶν
1004 2959 1053 3022 καλ
1074 2952 1174 3038 πάσης
1193 2963 1249 3038 τῆς
1269 2962 1326 3040 γῆς

206 3070 257 3133 νιαλ
279 3069 404 3135 πάντων
428 3076 490 3135 τοῖν
510 3073 644 3154 ἑρπετόν
660 3077 722 3134 τεόν
742 3070 896 3153 ἑρπόντων
913 3069 960 3134 ἐπὶ
980 3072 1035 3150 τῆς
1049 3072 1113 3152 γῆς.
1146 3067 1206 3154 Καὶ
1221 3069 1325 3149 ἐποίη-

205 3196 257 3241 σεν
273 3175 292 3242 6
306 3175 380 3253 θεός
401 3177 455 3244 τόν
477 3179 654 3262 άνθρωπον,
677 3176 739 3242 κατ’
761 3177 862 3243 εἰκόνα
883 3184 959 3242 θεοῦ
981 3177 1119 3258 ἐποίησεν
1141 3174 1246 3253 ου’τόν,
1269 3174 1323 3260 άρ-

206 3305 257 3350 σεν
285 3289 335 3352 καὶ
364 3295 446 3370 θήλιι
477 3291 613 3371 ἐποίησεν
644 3287 765 3363 αάτοός.
801 3289 862 3351 Καὶ
884 3282 1043 3370 εόλόγησεν
1066 3281 1180 3361 αότοός
1203 3283 1221 3350 6
1246 3285 1322 3361 θεός

202 3396 314 3481 λέγων·
336 3395 514 3477 Αάξάνεσθε
537 3399 587 3462 καὶ
611 3394 815 3479 πληθάνεσθε,
837 3397 886 3460 ιιαλ
908 3396 1083 3477 πληροόσατε
1104 3391 1161 3475 τήν
1182 3397 1249 3477 γήν,
1270 3394 1322 3459 καλ

204 3510 453 3593 ιιμτακοριεάσατε
475 3506 580 3592 αότής,
602 3509 652 3572 καλ
675 3506 776 3590 άρηετε
799 3511 861 3569 τάν
877 3504 998 3586 ἰχθύων
1018 3509 1071 3586 τής
1091 3501 1248 3583 θαλάσσης
1269 3505 1320 3569 ιιαλ

203 3622 264 3682 τάν
285 3624 430 3684 πετεινοόν
451 3624 506 3685 τοῦ
528 3614 662 3704 οόρανοῦ
690 3618 739 3680 ιιαέ
762 3615 887 3680 πάντων
916 3619 978 3678 τοῖν
1001 3617 1123 3694 ιιτηνοῖν
1145 3614 1195 3676 καὶ
1217 3614 1321 3695 πάσης

202 3883 203 3886 ’
271 3861 314 3916 12.
332 3861 373 3930 ἐν]
394 3865 458 3918 Fell.
480 3882 569 3920 errore
591 3864 741 3936 praetenui·
846 3863 889 3916 13.
924 3863 976 3931 τῆς
1005 3880 1030 3917 ν.
1061 3860 1121 3932 καλ]
1153 3863 1224 3915 Ηεαο
1256 3861 1319 3914 Gul-

202 3949 244 4002 εἱλ.
286 3949 352 4002 θεία
378 3964 425 4016 pro
450 3953 564 4017 φαίνειν
590 3953 640 4018 (οἱα
665 3951 741 4003 etiam
778 3947 844 4016 Ιμοό.
875 3946 913 4013 (ο.
941 3948 1006 4000 Mar.
1032 3946 1096 4000 οόλλ.
1124 3947 1201 4016 ven.)
1235 3945 1321 4000 οοιίείλ

201 4034 327 4105 Athama.
355 4034 440 4089 serm.
472 4036 498 4089 in
524 4038 615 4090 Μαλιλι.
644 4052 669 4105 ρ.
694 4033 741 4102 11)
779 4032 877 4084 vitiose.

199 4117 265 4171 Fon.
285 4119 361 4174 wolf.
379 4120 507 4192 Humphr.
526 4136 550 4176 ε.
564 4122 633 4179 Bibl.
651 4113 675 4172 τό
683 4135 742 4174 στε
846 4115 888 4169 14.
904 4112 1048 4185 ἐξήγαγεν]
1063 4115 1130 4170 Fen.
1144 4116 1221 4170 wolf.
1236 4116 1319 4170 Hum-

202 4201 324 4268 φαίνειν.
778 4202 840 4279 ρλιε.
855 4197 978 4270 ἐξήγαγε.
1098 4215 1103 4222 ·
