<?xml version="1.0" encoding="UTF-8"?>
<!DOCTYPE html PUBLIC "-//W3C//DTD XHTML 1.0 Transitional//EN"
    "http://www.w3.org/TR/xhtml1/DTD/xhtml1-transitional.dtd">
<html xmlns="http://www.w3.org/1999/xhtml" xml:lang="en" lang="en">
 <head>
  <title>
</title>
<meta http-equiv="Content-Type" content="text/html;charset=utf-8" />
  <meta name='ocr-system' content='tesseract 3.04.00' />
  <meta name='ocr-capabilities' content='ocr_page ocr_carea ocr_par ocr_line ocrx_word'/>
</head>
<body>
  <div class='ocr_page' id='page_1' title='image "./corpusapologeta00unkngoog_0378.png"; bbox 0 0 2836 4852; ppageno 0'>
   <div class='ocr_carea' id='block_1_1' title="bbox 460 257 1265 328">
    <p class='ocr_par' dir='ltr' id='par_1_1' title="bbox 460 257 1265 328">
     <span class='ocr_line' id='line_1_1' title="bbox 460 257 1265 328; baseline 0.012 -9"><span class='ocrx_word' id='word_1_1' title='bbox 460 258 517 319; x_wconf 80' lang='lat' dir='ltr'>ho</span> <span class='ocrx_word' id='word_1_2' title='bbox 537 257 783 321; x_wconf 75' lang='lat' dir='ltr'>Aouohicttm</span> <span class='ocrx_word' id='word_1_3' title='bbox 808 259 961 324; x_wconf 72' lang='lat' dir='ltr'>uim-111.</span> <span class='ocrx_word' id='word_1_4' title='bbox 1200 258 1265 328; x_wconf 69' lang='grc'>263</span> 
     </span>
    </p>
   </div>
   <div class='ocr_carea' id='block_1_2' title="bbox 151 406 1263 2363">
    <p class='ocr_par' dir='ltr' id='par_1_2' title="bbox 152 406 1263 1598">
     <span class='ocr_line' id='line_1_2' title="bbox 155 406 1262 511; baseline 0.005 -24"><span class='ocrx_word' id='word_1_5' title='bbox 155 429 218 487; x_wconf 90' lang='lat' dir='ltr'>tam</span> <span class='ocrx_word' id='word_1_6' title='bbox 240 444 388 488; x_wconf 85' lang='lat' dir='ltr'>annorum</span> <span class='ocrx_word' id='word_1_7' title='bbox 410 429 523 488; x_wconf 86' lang='lat' dir='ltr'>seriem</span> <span class='ocrx_word' id='word_1_8' title='bbox 546 429 708 490; x_wconf 84' lang='lat' dir='ltr'>effluxisse</span> <span class='ocrx_word' id='word_1_9' title='bbox 725 406 908 509; x_wconf 83' lang='lat' dir='ltr'>deoeroens,</span> <span class='ocrx_word' id='word_1_10' title='bbox 929 449 987 494; x_wconf 90' lang='lat' dir='ltr'>nee</span> <span class='ocrx_word' id='word_1_11' title='bbox 1002 433 1175 509; x_wconf 90' lang='lat' dir='ltr'>quindeeim</span> <span class='ocrx_word' id='word_1_12' title='bbox 1192 451 1262 511; x_wconf 90' lang='lat' dir='ltr'>my·</span> 
     </span>
     <span class='ocr_line' id='line_1_3' title="bbox 154 537 1262 620; baseline 0.007 -25"><span class='ocrx_word' id='word_1_13' title='bbox 154 537 261 596; x_wconf 87' lang='lat' dir='ltr'>riades</span> <span class='ocrx_word' id='word_1_14' title='bbox 285 538 318 596; x_wconf 92' lang='lat' dir='ltr'>et</span> <span class='ocrx_word' id='word_1_15' title='bbox 340 539 390 597; x_wconf 89' lang='lat' dir='ltr'>ter</span> <span class='ocrx_word' id='word_1_16' title='bbox 413 539 497 606; x_wconf 89' lang='lat' dir='ltr'>mille</span> <span class='ocrx_word' id='word_1_17' title='bbox 523 541 556 599; x_wconf 87' lang='lat' dir='ltr'>et</span> <span class='ocrx_word' id='word_1_18' title='bbox 578 541 779 616; x_wconf 79' lang='lat' dir='ltr'><strong>septuaginta</strong></span> <span class='ocrx_word' id='word_1_19' title='bbox 801 542 937 616; x_wconf 85' lang='lat' dir='ltr'>quinque</span> <span class='ocrx_word' id='word_1_20' title='bbox 960 543 1041 618; x_wconf 89' lang='lat' dir='ltr'>anni,</span> <span class='ocrx_word' id='word_1_21' title='bbox 1066 545 1101 603; x_wconf 92' lang='lat' dir='ltr'>ut</span> <span class='ocrx_word' id='word_1_22' title='bbox 1124 543 1262 620; x_wconf 88' lang='lat' dir='ltr'>Apollo-</span> 
     </span>
     <span class='ocr_line' id='line_1_4' title="bbox 155 647 1261 725; baseline 0.006 -20"><span class='ocrx_word' id='word_1_23' title='bbox 155 648 237 707; x_wconf 89' lang='lat' dir='ltr'>nium</span> <span class='ocrx_word' id='word_1_24' title='bbox 260 647 448 724; x_wconf 85' lang='lat' dir='ltr'>Aegyptium</span> <span class='ocrx_word' id='word_1_25' title='bbox 471 665 602 707; x_wconf 88' lang='lat' dir='ltr'>narrare</span> <span class='ocrx_word' id='word_1_26' title='bbox 626 666 722 725; x_wconf 89' lang='lat' dir='ltr'>supra</span> <span class='ocrx_word' id='word_1_27' title='bbox 744 649 895 724; x_wconf 78' lang='lat' dir='ltr'>diximus3</span> <span class='ocrx_word' id='word_1_28' title='bbox 918 666 976 709; x_wconf 89' lang='lat' dir='ltr'>nee</span> <span class='ocrx_word' id='word_1_29' title='bbox 993 652 1122 711; x_wconf 87' lang='lat' dir='ltr'>mundus</span> <span class='ocrx_word' id='word_1_30' title='bbox 1137 653 1261 712; x_wconf 90' lang='lat' dir='ltr'>iuerea·</span> 
     </span>
     <span class='ocr_line' id='line_1_5' title="bbox 154 757 1263 836; baseline 0.004 -22"><span class='ocrx_word' id='word_1_31' title='bbox 154 760 205 816; x_wconf 90' lang='lat' dir='ltr'>tus</span> <span class='ocrx_word' id='word_1_32' title='bbox 234 761 284 816; x_wconf 86' lang='lat' dir='ltr'>est</span> <span class='ocrx_word' id='word_1_33' title='bbox 312 774 369 817; x_wconf 90' lang='lat' dir='ltr'>nee</span> <span class='ocrx_word' id='word_1_34' title='bbox 400 757 530 816; x_wconf 89' lang='lat' dir='ltr'>fortuito</span> <span class='ocrx_word' id='word_1_35' title='bbox 554 759 654 817; x_wconf 91' lang='lat' dir='ltr'>omnia</span> <span class='ocrx_word' id='word_1_36' title='bbox 676 759 769 834; x_wconf 87' lang='lat' dir='ltr'>fiunt,</span> <span class='ocrx_word' id='word_1_37' title='bbox 797 762 830 819; x_wconf 90' lang='lat' dir='ltr'>ut</span> <span class='ocrx_word' id='word_1_38' title='bbox 853 759 1055 836; x_wconf 88' lang='lat' dir='ltr'>Pythagoras</span> <span class='ocrx_word' id='word_1_39' title='bbox 1085 761 1118 819; x_wconf 90' lang='lat' dir='ltr'>et</span> <span class='ocrx_word' id='word_1_40' title='bbox 1144 760 1263 821; x_wconf 85' lang='lat' dir='ltr'>eaeteri</span> 
     </span>
     <span class='ocr_line' id='line_1_6' title="bbox 154 867 1262 944; baseline 0.002 -20"><span class='ocrx_word' id='word_1_41' title='bbox 154 867 263 942; x_wconf 89' lang='lat' dir='ltr'>nugati</span> <span class='ocrx_word' id='word_1_42' title='bbox 278 869 359 941; x_wconf 87' lang='lat' dir='ltr'>sunt,</span> <span class='ocrx_word' id='word_1_43' title='bbox 382 867 440 925; x_wconf 87' lang='lat' dir='ltr'>sed</span> <span class='ocrx_word' id='word_1_44' title='bbox 461 883 536 925; x_wconf 89' lang='lat' dir='ltr'>sane</span> <span class='ocrx_word' id='word_1_45' title='bbox 552 870 677 927; x_wconf 88' lang='lat' dir='ltr'>oreatus</span> <span class='ocrx_word' id='word_1_46' title='bbox 696 871 728 925; x_wconf 92' lang='lat' dir='ltr'>et</span> <span class='ocrx_word' id='word_1_47' title='bbox 743 867 944 944; x_wconf 74' lang='lat' dir='ltr'>providentia</span> <span class='ocrx_word' id='word_1_48' title='bbox 963 869 1085 944; x_wconf 91' lang='lat' dir='ltr'>regitur</span> <span class='ocrx_word' id='word_1_49' title='bbox 1099 885 1117 926; x_wconf 84' lang='lat' dir='ltr'>a</span> <span class='ocrx_word' id='word_1_50' title='bbox 1133 869 1193 928; x_wconf 91' lang='lat' dir='ltr'>deo</span> <span class='ocrx_word' id='word_1_51' title='bbox 1210 867 1262 943; x_wconf 91' lang='lat' dir='ltr'>qui</span> 
     </span>
     <span class='ocr_line' id='line_1_7' title="bbox 154 977 1262 1052; baseline 0.001 -18"><span class='ocrx_word' id='word_1_52' title='bbox 154 977 256 1035; x_wconf 86' lang='lat' dir='ltr'>omnia</span> <span class='ocrx_word' id='word_1_53' title='bbox 285 977 421 1036; x_wconf 83' lang='lat' dir='ltr'>creavit:</span> <span class='ocrx_word' id='word_1_54' title='bbox 451 991 488 1034; x_wconf 92' lang='lat' dir='ltr'>ao</span> <span class='ocrx_word' id='word_1_55' title='bbox 514 979 636 1052; x_wconf 89' lang='lat' dir='ltr'>tempus</span> <span class='ocrx_word' id='word_1_56' title='bbox 667 993 755 1037; x_wconf 93' lang='lat' dir='ltr'>omne</span> <span class='ocrx_word' id='word_1_57' title='bbox 785 980 818 1037; x_wconf 92' lang='lat' dir='ltr'>et</span> <span class='ocrx_word' id='word_1_58' title='bbox 845 978 917 1036; x_wconf 86' lang='lat' dir='ltr'>enni</span> <span class='ocrx_word' id='word_1_59' title='bbox 941 977 1034 1038; x_wconf 82' lang='lat' dir='ltr'>facile</span> <span class='ocrx_word' id='word_1_60' title='bbox 1060 978 1110 1037; x_wconf 92' lang='lat' dir='ltr'>his</span> <span class='ocrx_word' id='word_1_61' title='bbox 1133 978 1262 1037; x_wconf 87' lang='lat' dir='ltr'>demon-</span> 
     </span>
     <span class='ocr_line' id='line_1_8' title="bbox 153 1079 1262 1164; baseline 0.001 -21"><span class='ocrx_word' id='word_1_62' title='bbox 153 1086 302 1144; x_wconf 85' lang='lat' dir='ltr'>strantur·</span> <span class='ocrx_word' id='word_1_63' title='bbox 322 1085 374 1160; x_wconf 85' lang='lat' dir='ltr'>qui</span> <span class='ocrx_word' id='word_1_64' title='bbox 404 1084 532 1143; x_wconf 88' lang='lat' dir='ltr'>veritati</span> <span class='ocrx_word' id='word_1_65' title='bbox 560 1079 779 1162; x_wconf 85' lang='lat' dir='ltr'>obtemperare</span> <span class='ocrx_word' id='word_1_66' title='bbox 803 1087 922 1146; x_wconf 90' lang='lat' dir='ltr'>volunt.</span> <span class='ocrx_word' id='word_1_67' title='bbox 967 1085 1015 1147; x_wconf 88' lang='lat' dir='ltr'>Ne</span> <span class='ocrx_word' id='word_1_68' title='bbox 1034 1087 1130 1164; x_wconf 91' lang='lat' dir='ltr'>igitur</span> <span class='ocrx_word' id='word_1_69' title='bbox 1150 1085 1262 1146; x_wconf 89' lang='lat' dir='ltr'>videa-</span> 
     </span>
     <span class='ocr_line' id='line_1_9' title="bbox 153 1194 1262 1274; baseline 0.002 -22"><span class='ocrx_word' id='word_1_70' title='bbox 153 1211 221 1253; x_wconf 91' lang='lat' dir='ltr'>mur</span> <span class='ocrx_word' id='word_1_71' title='bbox 244 1194 540 1254; x_wconf 77' lang='lat' dir='ltr'><strong>demonstrationem</strong></span> <span class='ocrx_word' id='word_1_72' title='bbox 558 1196 598 1254; x_wconf 87' lang='lat' dir='ltr'>ad</span> <span class='ocrx_word' id='word_1_73' title='bbox 614 1194 729 1272; x_wconf 74' lang='lat' dir='ltr'>Cyrum</span> <span class='ocrx_word' id='word_1_74' title='bbox 747 1197 869 1270; x_wconf 90' lang='lat' dir='ltr'>quidem</span> <span class='ocrx_word' id='word_1_75' title='bbox 888 1197 1086 1274; x_wconf 85' lang='lat' dir='ltr'>perduxisse,</span> <span class='ocrx_word' id='word_1_76' title='bbox 1107 1211 1188 1271; x_wconf 84' lang='lat' dir='ltr'>quae</span> <span class='ocrx_word' id='word_1_77' title='bbox 1204 1211 1262 1254; x_wconf 88' lang='lat' dir='ltr'>au·</span> 
     </span>
     <span class='ocr_line' id='line_1_10' title="bbox 153 1303 1262 1381; baseline -0.002 -19"><span class='ocrx_word' id='word_1_78' title='bbox 153 1307 215 1362; x_wconf 91' lang='lat' dir='ltr'>tem</span> <span class='ocrx_word' id='word_1_79' title='bbox 238 1305 406 1363; x_wconf 80' lang='lat' dir='ltr'>consecuta</span> <span class='ocrx_word' id='word_1_80' title='bbox 428 1305 501 1362; x_wconf 92' lang='lat' dir='ltr'>suot</span> <span class='ocrx_word' id='word_1_81' title='bbox 520 1303 659 1380; x_wconf 88' lang='lat' dir='ltr'>tempora</span> <span class='ocrx_word' id='word_1_82' title='bbox 684 1305 858 1381; x_wconf 82' lang='lat' dir='ltr'>negligere,</span> <span class='ocrx_word' id='word_1_83' title='bbox 881 1306 970 1380; x_wconf 88' lang='lat' dir='ltr'><strong>quasi</strong></span> <span class='ocrx_word' id='word_1_84' title='bbox 990 1322 1027 1364; x_wconf 91' lang='lat' dir='ltr'>ea</span> <span class='ocrx_word' id='word_1_85' title='bbox 1045 1305 1262 1365; x_wconf 90' lang='lat' dir='ltr'>demonstrare</span> 
     </span>
     <span class='ocr_line' id='line_1_11' title="bbox 152 1413 1261 1490; baseline 0 -19"><span class='ocrx_word' id='word_1_86' title='bbox 152 1429 213 1471; x_wconf 89' lang='lat' dir='ltr'>nou</span> <span class='ocrx_word' id='word_1_87' title='bbox 240 1415 415 1489; x_wconf 86' lang='lat' dir='ltr'>possimus,</span> <span class='ocrx_word' id='word_1_88' title='bbox 445 1413 505 1472; x_wconf 91' lang='lat' dir='ltr'>deo</span> <span class='ocrx_word' id='word_1_89' title='bbox 534 1415 628 1472; x_wconf 87' lang='lat' dir='ltr'>dante</span> <span class='ocrx_word' id='word_1_90' title='bbox 657 1414 911 1488; x_wconf 89' lang='lat' dir='ltr'>oonsequentium</span> <span class='ocrx_word' id='word_1_91' title='bbox 936 1431 1059 1490; x_wconf 87' lang='lat' dir='ltr'>quoque</span> <span class='ocrx_word' id='word_1_92' title='bbox 1089 1417 1261 1488; x_wconf 89' lang='lat' dir='ltr'>temporum</span> 
     </span>
     <span class='ocr_line' id='line_1_12' title="bbox 152 1522 993 1598; baseline 0.005 -18"><span class='ocrx_word' id='word_1_93' title='bbox 152 1522 294 1580; x_wconf 81' lang='lat' dir='ltr'>ordinem</span> <span class='ocrx_word' id='word_1_94' title='bbox 317 1523 455 1580; x_wconf 90' lang='lat' dir='ltr'>oonahor</span> <span class='ocrx_word' id='word_1_95' title='bbox 478 1523 581 1596; x_wconf 88' lang='lat' dir='ltr'>quoad</span> <span class='ocrx_word' id='word_1_96' title='bbox 602 1522 672 1580; x_wconf 87' lang='lat' dir='ltr'>lieri</span> <span class='ocrx_word' id='word_1_97' title='bbox 694 1525 801 1598; x_wconf 85' lang='lat' dir='ltr'>potest</span> <span class='ocrx_word' id='word_1_98' title='bbox 823 1538 993 1598; x_wconf 80' lang='lat' dir='ltr'>exponere.</span> 
     </span>
    </p>

    <p class='ocr_par' dir='ltr' id='par_1_3' title="bbox 151 1629 1263 2363">
     <span class='ocr_line' id='line_1_13' title="bbox 240 1629 1262 1708; baseline -0.004 -20"><span class='ocrx_word' id='word_1_99' title='bbox 240 1632 290 1690; x_wconf 77' lang='lat'>27.</span> <span class='ocrx_word' id='word_1_100' title='bbox 320 1629 404 1706; x_wconf 79' lang='lat' dir='ltr'>Cyro</span> <span class='ocrx_word' id='word_1_101' title='bbox 428 1630 525 1704; x_wconf 91' lang='lat' dir='ltr'>igitur</span> <span class='ocrx_word' id='word_1_102' title='bbox 554 1633 628 1706; x_wconf 86' lang='lat' dir='ltr'>post</span> <span class='ocrx_word' id='word_1_103' title='bbox 656 1646 784 1708; x_wconf 88' lang='lat' dir='ltr'>reguum</span> <span class='ocrx_word' id='word_1_104' title='bbox 816 1647 964 1690; x_wconf 90' lang='lat' dir='ltr'>annorum</span> <span class='ocrx_word' id='word_1_105' title='bbox 993 1631 1123 1708; x_wconf 85' lang='lat' dir='ltr'>triginta</span> <span class='ocrx_word' id='word_1_106' title='bbox 1151 1629 1262 1688; x_wconf 89' lang='lat' dir='ltr'>ootoa</span> 
     </span>
     <span class='ocr_line' id='line_1_14' title="bbox 152 1739 1263 1817; baseline -0.001 -21"><span class='ocrx_word' id='word_1_107' title='bbox 152 1739 320 1815; x_wconf 82' lang='lat' dir='ltr'>&#39;lomyride</span> <span class='ocrx_word' id='word_1_108' title='bbox 349 1740 379 1797; x_wconf 89' lang='lat' dir='ltr'>in</span> <span class='ocrx_word' id='word_1_109' title='bbox 405 1739 597 1815; x_wconf 82' lang='lat' dir='ltr'>Massagetis</span> <span class='ocrx_word' id='word_1_110' title='bbox 629 1740 749 1814; x_wconf 79' lang='lat' dir='ltr'>eurise,</span> <span class='ocrx_word' id='word_1_111' title='bbox 778 1740 958 1816; x_wconf 79' lang='lat' dir='ltr'>olympiade</span> <span class='ocrx_word' id='word_1_112' title='bbox 987 1740 1185 1817; x_wconf 83' lang='lat' dir='ltr'>sexagesima</span> <span class='ocrx_word' id='word_1_113' title='bbox 1208 1752 1263 1796; x_wconf 87' lang='lat' dir='ltr'>se·</span> 
     </span>
     <span class='ocr_line' id='line_1_15' title="bbox 152 1845 1262 1923; baseline -0.003 -17"><span class='ocrx_word' id='word_1_114' title='bbox 152 1849 269 1906; x_wconf 91' lang='lat' dir='ltr'>eunda:</span> <span class='ocrx_word' id='word_1_115' title='bbox 305 1849 364 1907; x_wconf 92' lang='lat' dir='ltr'>iam</span> <span class='ocrx_word' id='word_1_116' title='bbox 394 1865 433 1906; x_wconf 84' lang='lat' dir='ltr'>ex</span> <span class='ocrx_word' id='word_1_117' title='bbox 464 1862 503 1905; x_wconf 92' lang='lat' dir='ltr'>eo</span> <span class='ocrx_word' id='word_1_118' title='bbox 530 1850 673 1923; x_wconf 87' lang='lat' dir='ltr'>tempore</span> <span class='ocrx_word' id='word_1_119' title='bbox 696 1847 903 1909; x_wconf 87' lang='lat' dir='ltr'>Romanorum</span> <span class='ocrx_word' id='word_1_120' title='bbox 916 1866 976 1914; x_wconf 88' lang='lat' dir='ltr'>res</span> <span class='ocrx_word' id='word_1_121' title='bbox 998 1846 1182 1910; x_wconf 89' lang='lat' dir='ltr'>ereseehaut</span> <span class='ocrx_word' id='word_1_122' title='bbox 1201 1845 1262 1904; x_wconf 91' lang='lat' dir='ltr'>deo</span> 
     </span>
     <span class='ocr_line' id='line_1_16' title="bbox 152 1952 1260 2034; baseline -0.004 -20"><span class='ocrx_word' id='word_1_123' title='bbox 152 1957 449 2033; x_wconf 85' lang='lat' dir='ltr'>eosoonlirmante,</span> <span class='ocrx_word' id='word_1_124' title='bbox 480 1973 571 2032; x_wconf 85' lang='lat' dir='ltr'>quum</span> <span class='ocrx_word' id='word_1_125' title='bbox 595 1957 670 2015; x_wconf 86' lang='lat' dir='ltr'>urbs</span> <span class='ocrx_word' id='word_1_126' title='bbox 692 1974 710 2015; x_wconf 85' lang='lat' dir='ltr'>a</span> <span class='ocrx_word' id='word_1_127' title='bbox 735 1957 884 2034; x_wconf 88' lang='lat' dir='ltr'>Romulo,</span> <span class='ocrx_word' id='word_1_128' title='bbox 913 1959 966 2032; x_wconf 85' lang='lat' dir='ltr'>qui</span> <span class='ocrx_word' id='word_1_129' title='bbox 988 1957 1100 2017; x_wconf 87' lang='lat' dir='ltr'>Martis</span> <span class='ocrx_word' id='word_1_130' title='bbox 1125 1952 1260 2016; x_wconf 84' lang='lat' dir='ltr'>otiliae</span> 
     </span>
     <span class='ocr_line' id='line_1_17' title="bbox 151 2063 1261 2143; baseline -0.005 -18"><span class='ocrx_word' id='word_1_131' title='bbox 151 2065 234 2125; x_wconf 87' lang='lat' dir='ltr'>filius</span> <span class='ocrx_word' id='word_1_132' title='bbox 254 2067 450 2142; x_wconf 85' lang='lat' dir='ltr'>perhibetur,</span> <span class='ocrx_word' id='word_1_133' title='bbox 472 2067 596 2125; x_wconf 84' lang='lat' dir='ltr'>condita</span> <span class='ocrx_word' id='word_1_134' title='bbox 620 2064 735 2125; x_wconf 84' lang='lat' dir='ltr'>fuisset</span> <span class='ocrx_word' id='word_1_135' title='bbox 750 2065 930 2143; x_wconf 81' lang='lat' dir='ltr'>olympiade</span> <span class='ocrx_word' id='word_1_136' title='bbox 947 2069 1091 2143; x_wconf 89' lang='lat' dir='ltr'>septima,</span> <span class='ocrx_word' id='word_1_137' title='bbox 1113 2068 1186 2128; x_wconf 86' lang='lat' dir='ltr'>aute</span> <span class='ocrx_word' id='word_1_138' title='bbox 1203 2063 1261 2122; x_wconf 89' lang='lat' dir='ltr'>de-</span> 
     </span>
     <span class='ocr_line' id='line_1_18' title="bbox 152 2174 1261 2255; baseline -0.003 -21"><span class='ocrx_word' id='word_1_139' title='bbox 152 2175 260 2234; x_wconf 89' lang='lat' dir='ltr'>oimum</span> <span class='ocrx_word' id='word_1_140' title='bbox 289 2177 454 2252; x_wconf 89' lang='lat' dir='ltr'>septimum</span> <span class='ocrx_word' id='word_1_141' title='bbox 484 2175 631 2233; x_wconf 86' lang='lat' dir='ltr'>calendas</span> <span class='ocrx_word' id='word_1_142' title='bbox 656 2174 746 2248; x_wconf 89' lang='lat' dir='ltr'>Maii,</span> <span class='ocrx_word' id='word_1_143' title='bbox 777 2193 838 2251; x_wconf 91' lang='lat' dir='ltr'>quo</span> <span class='ocrx_word' id='word_1_144' title='bbox 871 2181 1013 2255; x_wconf 92' lang='lat' dir='ltr'>tempore</span> <span class='ocrx_word' id='word_1_145' title='bbox 1034 2192 1132 2235; x_wconf 86' lang='lat' dir='ltr'>annus</span> <span class='ocrx_word' id='word_1_146' title='bbox 1154 2174 1261 2232; x_wconf 87' lang='lat' dir='ltr'>deeem</span> 
     </span>
     <span class='ocr_line' id='line_1_19' title="bbox 152 2280 1261 2363; baseline -0.005 -20"><span class='ocrx_word' id='word_1_147' title='bbox 152 2286 300 2345; x_wconf 78' lang='lat' dir='ltr'>mensium</span> <span class='ocrx_word' id='word_1_148' title='bbox 324 2286 560 2344; x_wconf 77' lang='lat' dir='ltr'>numerabatur:</span> <span class='ocrx_word' id='word_1_149' title='bbox 584 2315 625 2326; x_wconf 92' lang='lat'>—·</span> <span class='ocrx_word' id='word_1_150' title='bbox 655 2281 739 2360; x_wconf 84' lang='lat' dir='ltr'>Cyro</span> <span class='ocrx_word' id='word_1_151' title='bbox 760 2285 856 2359; x_wconf 85' lang='lat' dir='ltr'>igitur</span> <span class='ocrx_word' id='word_1_152' title='bbox 880 2291 1019 2363; x_wconf 88' lang='lat' dir='ltr'>mortuo,</span> <span class='ocrx_word' id='word_1_153' title='bbox 1042 2290 1075 2345; x_wconf 84' lang='lat' dir='ltr'>ut</span> <span class='ocrx_word' id='word_1_154' title='bbox 1097 2284 1189 2344; x_wconf 88' lang='lat' dir='ltr'>modo</span> <span class='ocrx_word' id='word_1_155' title='bbox 1211 2280 1261 2339; x_wconf 89' lang='lat' dir='ltr'>di-</span> 
     </span>
    </p>
   </div>
   <div class='ocr_carea' id='block_1_3' title="bbox 152 2453 1260 3210">
    <p class='ocr_par' dir='ltr' id='par_1_4' title="bbox 152 2453 1260 3210">
     <span class='ocr_line' id='line_1_20' title="bbox 153 2453 1260 2534; baseline -0.005 -18"><span class='ocrx_word' id='word_1_156' title='bbox 153 2468 323 2526; x_wconf 88' lang='lat' dir='ltr'>omitteretur,</span> <span class='ocrx_word' id='word_1_157' title='bbox 337 2466 419 2518; x_wconf 78' lang='lat' dir='ltr'>effecit</span> <span class='ocrx_word' id='word_1_158' title='bbox 432 2458 521 2516; x_wconf 85' lang='lat' dir='ltr'>similis</span> <span class='ocrx_word' id='word_1_159' title='bbox 533 2463 688 2514; x_wconf 86' lang='lat' dir='ltr'>anteceden—</span> <span class='ocrx_word' id='word_1_160' title='bbox 792 2464 817 2516; x_wconf 89' lang='grc'>3.</span> <span class='ocrx_word' id='word_1_161' title='bbox 844 2463 891 2518; x_wconf 81' lang='grc' dir='ltr'>καὶ</span> <span class='ocrx_word' id='word_1_162' title='bbox 909 2461 1003 2534; x_wconf 77' lang='grc' dir='ltr'><strong><em>Ἰλίας]</em></strong></span> <span class='ocrx_word' id='word_1_163' title='bbox 1033 2467 1090 2517; x_wconf 86' lang='lat' dir='ltr'>Par.</span> <span class='ocrx_word' id='word_1_164' title='bbox 1115 2462 1198 2515; x_wconf 87' lang='lat' dir='ltr'>addit:</span> <span class='ocrx_word' id='word_1_165' title='bbox 1222 2453 1260 2519; x_wconf 74' lang='lat' dir='ltr'>oie</span> 
     </span>
     <span class='ocr_line' id='line_1_21' title="bbox 153 2544 1259 2618; baseline -0.005 -20"><span class='ocrx_word' id='word_1_166' title='bbox 153 2553 185 2601; x_wconf 90' lang='lat' dir='ltr'>tis</span> <span class='ocrx_word' id='word_1_167' title='bbox 210 2551 407 2616; x_wconf 83' lang='lat' dir='ltr'>praepositionis</span> <span class='ocrx_word' id='word_1_168' title='bbox 433 2544 488 2600; x_wconf 74' lang='lat' dir='ltr'>eiad</span> <span class='ocrx_word' id='word_1_169' title='bbox 515 2547 607 2613; x_wconf 84' lang='lat' dir='ltr'>syllaba</span> <span class='ocrx_word' id='word_1_170' title='bbox 628 2547 688 2599; x_wconf 88' lang='grc' dir='ltr'>ΠΟ.</span> <span class='ocrx_word' id='word_1_171' title='bbox 724 2549 754 2600; x_wconf 76' lang='grc' dir='ltr'>δέ</span> <span class='ocrx_word' id='word_1_172' title='bbox 767 2568 840 2611; x_wconf 82' lang='grc' dir='ltr'><strong><em>τινες</em></strong></span> <span class='ocrx_word' id='word_1_173' title='bbox 852 2545 929 2611; x_wconf 79' lang='grc' dir='ltr'><strong><em>Ῥέας</em></strong></span> <span class='ocrx_word' id='word_1_174' title='bbox 943 2552 1076 2618; x_wconf 78' lang='grc' dir='ltr'>Σνλβίσς.</span> <span class='ocrx_word' id='word_1_175' title='bbox 1099 2545 1259 2614; x_wconf 76' lang='lat' dir='ltr'>Quaeverha</span> 
     </span>
     <span class='ocr_line' id='line_1_22' title="bbox 154 2630 1260 2700; baseline -0.009 -13"><span class='ocrx_word' id='word_1_176' title='bbox 154 2636 194 2687; x_wconf 85' lang='lat' dir='ltr'>Ad</span> <span class='ocrx_word' id='word_1_177' title='bbox 211 2641 323 2687; x_wconf 77' lang='lat' dir='ltr'>veterum</span> <span class='ocrx_word' id='word_1_178' title='bbox 341 2635 412 2688; x_wconf 87' lang='lat' dir='ltr'>eodd.</span> <span class='ocrx_word' id='word_1_179' title='bbox 429 2635 534 2698; x_wconf 84' lang='lat' dir='ltr'>vestigia</span> <span class='ocrx_word' id='word_1_180' title='bbox 550 2646 631 2700; x_wconf 89' lang='lat' dir='ltr'>prope</span> <span class='ocrx_word' id='word_1_181' title='bbox 646 2647 687 2683; x_wconf 82' lang='lat' dir='ltr'>ae·</span> <span class='ocrx_word' id='word_1_182' title='bbox 724 2636 838 2687; x_wconf 81' lang='lat' dir='ltr'>scholion</span> <span class='ocrx_word' id='word_1_183' title='bbox 862 2637 958 2688; x_wconf 87' lang='lat' dir='ltr'>librarii</span> <span class='ocrx_word' id='word_1_184' title='bbox 977 2637 1117 2688; x_wconf 82' lang='lat' dir='ltr'>continent.</span> <span class='ocrx_word' id='word_1_185' title='bbox 1154 2630 1260 2681; x_wconf 82' lang='lat' dir='ltr'>Constat</span> 
     </span>
     <span class='ocr_line' id='line_1_23' title="bbox 153 2712 1259 2782; baseline -0.009 -10"><span class='ocrx_word' id='word_1_186' title='bbox 153 2720 325 2773; x_wconf 85' lang='lat' dir='ltr'>cednutFell.</span> <span class='ocrx_word' id='word_1_187' title='bbox 341 2720 490 2772; x_wconf 82' lang='lat' dir='ltr'>Wolthler.</span> <span class='ocrx_word' id='word_1_188' title='bbox 506 2717 630 2782; x_wconf 86' lang='lat' dir='ltr'>llumplrr.</span> <span class='ocrx_word' id='word_1_189' title='bbox 646 2718 688 2782; x_wconf 87' lang='lat' dir='ltr'>qui</span> <span class='ocrx_word' id='word_1_190' title='bbox 724 2721 790 2771; x_wconf 80' lang='lat' dir='ltr'>eninr</span> <span class='ocrx_word' id='word_1_191' title='bbox 815 2724 920 2772; x_wconf 84' lang='lat' dir='ltr'>matrem</span> <span class='ocrx_word' id='word_1_192' title='bbox 949 2719 1049 2771; x_wconf 86' lang='lat' dir='ltr'>Romuli</span> <span class='ocrx_word' id='word_1_193' title='bbox 1073 2718 1103 2768; x_wconf 88' lang='lat' dir='ltr'>ab</span> <span class='ocrx_word' id='word_1_194' title='bbox 1129 2712 1259 2767; x_wconf 82' lang='lat' dir='ltr'>historicis</span> 
     </span>
     <span class='ocr_line' id='line_1_24' title="bbox 153 2795 1258 2871; baseline -0.006 -12"><span class='ocrx_word' id='word_1_195' title='bbox 153 2802 688 2871; x_wconf 66' lang='lat' dir='ltr'>receperuntTopeptdoeffooprpidoc</span> <span class='ocrx_word' id='word_1_196' title='bbox 725 2805 832 2857; x_wconf 75' lang='lat' dir='ltr'>maxime</span> <span class='ocrx_word' id='word_1_197' title='bbox 855 2805 953 2858; x_wconf 82' lang='lat' dir='ltr'>eream</span> <span class='ocrx_word' id='word_1_198' title='bbox 981 2803 1108 2871; x_wconf 79' lang='lat' dir='ltr'>sylvium,</span> <span class='ocrx_word' id='word_1_199' title='bbox 1137 2816 1151 2852; x_wconf 81' lang='lat' dir='ltr'>a</span> <span class='ocrx_word' id='word_1_200' title='bbox 1176 2795 1258 2864; x_wconf 74' lang='lat' dir='ltr'>poetis</span> 
     </span>
     <span class='ocr_line' id='line_1_25' title="bbox 153 2882 1258 2958; baseline -0.011 -14"><span class='ocrx_word' id='word_1_201' title='bbox 153 2894 287 2957; x_wconf 86' lang='lat' dir='ltr'>lll.etH.)</span> <span class='ocrx_word' id='word_1_202' title='bbox 308 2888 337 2942; x_wconf 80' lang='grc' dir='ltr'>ἐν</span> <span class='ocrx_word' id='word_1_203' title='bbox 357 2889 541 2958; x_wconf 58' lang='lat' dir='ltr'>thendeperto</span> <span class='ocrx_word' id='word_1_204' title='bbox 561 2892 687 2952; x_wconf 69' lang='lat' dir='ltr'>(transm-</span> <span class='ocrx_word' id='word_1_205' title='bbox 725 2903 785 2940; x_wconf 84' lang='lat' dir='ltr'>vero</span> <span class='ocrx_word' id='word_1_206' title='bbox 806 2889 875 2940; x_wconf 89' lang='lat' dir='ltr'>lliam</span> <span class='ocrx_word' id='word_1_207' title='bbox 902 2890 991 2942; x_wconf 83' lang='lat' dir='ltr'>dietam</span> <span class='ocrx_word' id='word_1_208' title='bbox 1010 2904 1074 2942; x_wconf 84' lang='lat' dir='ltr'>esse.</span> <span class='ocrx_word' id='word_1_209' title='bbox 1111 2887 1150 2939; x_wconf 85' lang='lat' dir='ltr'>cf.</span> <span class='ocrx_word' id='word_1_210' title='bbox 1169 2882 1258 2948; x_wconf 78' lang='lat' dir='ltr'>virgil.</span> 
     </span>
     <span class='ocr_line' id='line_1_26' title="bbox 152 2967 1258 3040; baseline -0.011 -11"><span class='ocrx_word' id='word_1_211' title='bbox 152 2979 182 3029; x_wconf 91' lang='lat' dir='ltr'>lit</span> <span class='ocrx_word' id='word_1_212' title='bbox 202 2978 237 3028; x_wconf 85' lang='lat' dir='ltr'>m.</span> <span class='ocrx_word' id='word_1_213' title='bbox 257 2976 341 3040; x_wconf 84' lang='lat' dir='ltr'>„apud</span> <span class='ocrx_word' id='word_1_214' title='bbox 360 2975 559 3040; x_wconf 62' lang='lat' dir='ltr'>Massagetae).</span> <span class='ocrx_word' id='word_1_215' title='bbox 595 2972 688 3038; x_wconf 81' lang='lat' dir='ltr'>cyrum</span> <span class='ocrx_word' id='word_1_216' title='bbox 726 2975 791 3026; x_wconf 79' lang='lat' dir='ltr'>hen.</span> <span class='ocrx_word' id='word_1_217' title='bbox 812 2975 832 3026; x_wconf 91' lang='lat'>1.</span> <span class='ocrx_word' id='word_1_218' title='bbox 851 2973 903 3027; x_wconf 78' lang='lat'>274</span> <span class='ocrx_word' id='word_1_219' title='bbox 921 2975 1008 3040; x_wconf 72' lang='lat'><strong>(278),</strong></span> <span class='ocrx_word' id='word_1_220' title='bbox 1027 2975 1091 3027; x_wconf 89' lang='lat' dir='ltr'>Hor.</span> <span class='ocrx_word' id='word_1_221' title='bbox 1111 2971 1158 3025; x_wconf 93' lang='lat' dir='ltr'>0d.</span> <span class='ocrx_word' id='word_1_222' title='bbox 1171 2971 1213 3021; x_wconf 90' lang='lat' dir='ltr'>tv.</span> <span class='ocrx_word' id='word_1_223' title='bbox 1232 2967 1258 3018; x_wconf 88' lang='grc'>8.</span> 
     </span>
     <span class='ocr_line' id='line_1_27' title="bbox 154 3055 1259 3125; baseline -0.01 -11"><span class='ocrx_word' id='word_1_224' title='bbox 154 3079 168 3113; x_wconf 87' lang='lat' dir='ltr'>a</span> <span class='ocrx_word' id='word_1_225' title='bbox 197 3060 331 3125; x_wconf 68' lang='lat' dir='ltr'>Tomyride</span> <span class='ocrx_word' id='word_1_226' title='bbox 367 3060 456 3125; x_wconf 74' lang='lat' dir='ltr'>regina</span> <span class='ocrx_word' id='word_1_227' title='bbox 487 3060 688 3122; x_wconf 81' lang='lat' dir='ltr'>Massagetarum</span> <span class='ocrx_word' id='word_1_228' title='bbox 723 3056 1074 3124; x_wconf 55' lang='lat' dir='ltr'>semihiantibus.</span> <span class='ocrx_word' id='word_1_229' title='bbox 1099 3055 1187 3108; x_wconf 90' lang='lat' dir='ltr'>Paullo</span> <span class='ocrx_word' id='word_1_230' title='bbox 1200 3057 1259 3104; x_wconf 85' lang='lat' dir='ltr'>ante</span> 
     </span>
     <span class='ocr_line' id='line_1_28' title="bbox 153 3138 1260 3210; baseline -0.007 -13"><span class='ocrx_word' id='word_1_231' title='bbox 153 3145 307 3197; x_wconf 86' lang='lat' dir='ltr'>trucidatum</span> <span class='ocrx_word' id='word_1_232' title='bbox 337 3158 393 3195; x_wconf 88' lang='lat' dir='ltr'>esse</span> <span class='ocrx_word' id='word_1_233' title='bbox 419 3147 479 3210; x_wconf 87' lang='lat' dir='ltr'>post</span> <span class='ocrx_word' id='word_1_234' title='bbox 503 3141 600 3195; x_wconf 82' lang='lat' dir='ltr'>Herod.</span> <span class='ocrx_word' id='word_1_235' title='bbox 620 3142 641 3194; x_wconf 95' lang='lat' dir='ltr'>l.</span> <span class='ocrx_word' id='word_1_236' title='bbox 666 3155 688 3192; x_wconf 83' lang='lat' dir='ltr'>c.</span> <span class='ocrx_word' id='word_1_237' title='bbox 725 3141 957 3210; x_wconf 44' lang='lat' dir='ltr'>leniendum·</span> <span class='ocrx_word' id='word_1_238' title='bbox 976 3138 1260 3196; x_wconf 81' lang='lat' dir='ltr'>hlonlrescodd.msli</span> 
     </span>
    </p>
   </div>
   <div class='ocr_carea' id='block_1_4' title="bbox 152 3217 1359 3297">
    <p class='ocr_par' dir='ltr' id='par_1_5' title="bbox 152 3217 1359 3297">
     <span class='ocr_line' id='line_1_29' title="bbox 152 3217 1359 3297; baseline -0.007 -13"><span class='ocrx_word' id='word_1_239' title='bbox 152 3231 204 3284; x_wconf 77' lang='lat'>205</span> <span class='ocrx_word' id='word_1_240' title='bbox 218 3244 275 3297; x_wconf 88' lang='lat' dir='ltr'>sqq.</span> <span class='ocrx_word' id='word_1_241' title='bbox 302 3229 372 3280; x_wconf 83' lang='lat' dir='ltr'>nrnlti</span> <span class='ocrx_word' id='word_1_242' title='bbox 395 3229 548 3280; x_wconf 82' lang='lat' dir='ltr'>retulerunt.</span> <span class='ocrx_word' id='word_1_243' title='bbox 585 3227 624 3278; x_wconf 84' lang='lat' dir='ltr'>Cl.</span> <span class='ocrx_word' id='word_1_244' title='bbox 644 3225 688 3276; x_wconf 91' lang='lat' dir='ltr'>lu·</span> <span class='ocrx_word' id='word_1_245' title='bbox 724 3227 1008 3281; x_wconf 85' lang='lat' dir='ltr'>etGesn.Duc.ltlor.</span> <span class='ocrx_word' id='word_1_246' title='bbox 1028 3217 1259 3296; x_wconf 72' lang='grc' dir='ltr'>τῇπρὸιίαὶξ</span> <span class='ocrx_word' id='word_1_247' title='bbox 1353 3234 1359 3240; x_wconf 75' lang='lat'><strong><em>‘</em></strong></span> 
     </span>
    </p>
   </div>
   <div class='ocr_carea' id='block_1_5' title="bbox 153 3310 1335 4231">
    <p class='ocr_par' dir='ltr' id='par_1_6' title="bbox 153 3310 1335 4056">
     <span class='ocr_line' id='line_1_30' title="bbox 153 3310 1258 3380; baseline -0.006 -13"><span class='ocrx_word' id='word_1_248' title='bbox 153 3316 213 3368; x_wconf 89' lang='lat' dir='ltr'>stin.</span> <span class='ocrx_word' id='word_1_249' title='bbox 231 3314 299 3366; x_wconf 85' lang='lat' dir='ltr'>Hist.</span> <span class='ocrx_word' id='word_1_250' title='bbox 317 3314 337 3365; x_wconf 92' lang='lat' dir='ltr'>l.</span> <span class='ocrx_word' id='word_1_251' title='bbox 355 3328 378 3364; x_wconf 86' lang='lat' dir='ltr'>o.</span> <span class='ocrx_word' id='word_1_252' title='bbox 393 3310 411 3362; x_wconf 87' lang='grc'><strong>8</strong></span> <span class='ocrx_word' id='word_1_253' title='bbox 429 3317 455 3362; x_wconf 87' lang='lat' dir='ltr'>et</span> <span class='ocrx_word' id='word_1_254' title='bbox 472 3312 567 3363; x_wconf 85' lang='lat' dir='ltr'>Euseb.</span> <span class='ocrx_word' id='word_1_255' title='bbox 591 3311 687 3362; x_wconf 78' lang='lat' dir='ltr'>Cluroo.</span> <span class='ocrx_word' id='word_1_256' title='bbox 723 3318 783 3366; x_wconf 72' lang='lat' dir='ltr'>unt.</span> <span class='ocrx_word' id='word_1_257' title='bbox 803 3317 845 3366; x_wconf 87' lang='lat' dir='ltr'>M.</span> <span class='ocrx_word' id='word_1_258' title='bbox 865 3313 1063 3380; x_wconf 75' lang='lat' dir='ltr'>(:15.hpr.)</span> <span class='ocrx_word' id='word_1_259' title='bbox 1082 3314 1180 3378; x_wconf 84' lang='lat' dir='ltr'>legunt,</span> <span class='ocrx_word' id='word_1_260' title='bbox 1200 3325 1258 3362; x_wconf 85' lang='lat' dir='ltr'>cae·</span> 
     </span>
     <span class='ocr_line' id='line_1_31' title="bbox 153 3389 1258 3468; baseline -0.005 -16"><span class='ocrx_word' id='word_1_261' title='bbox 153 3401 184 3452; x_wconf 82' lang='lat' dir='ltr'>etl</span> <span class='ocrx_word' id='word_1_262' title='bbox 209 3399 310 3465; x_wconf 84' lang='lat' dir='ltr'>Olymp.</span> <span class='ocrx_word' id='word_1_263' title='bbox 330 3395 363 3449; x_wconf 78' lang='lat'>62</span> <span class='ocrx_word' id='word_1_264' title='bbox 390 3396 442 3461; x_wconf 84' lang='lat' dir='ltr'>(ed.</span> <span class='ocrx_word' id='word_1_265' title='bbox 460 3396 574 3448; x_wconf 79' lang='lat' dir='ltr'>Aucher.</span> <span class='ocrx_word' id='word_1_266' title='bbox 601 3396 630 3447; x_wconf 84' lang='grc' dir='ltr'>Τ.</span> <span class='ocrx_word' id='word_1_267' title='bbox 648 3395 687 3460; x_wconf 87' lang='grc' dir='ltr'>ΙΙ)</span> <span class='ocrx_word' id='word_1_268' title='bbox 724 3401 772 3451; x_wconf 85' lang='lat' dir='ltr'>teri</span> <span class='ocrx_word' id='word_1_269' title='bbox 797 3414 857 3451; x_wconf 86' lang='lat' dir='ltr'>vero</span> <span class='ocrx_word' id='word_1_270' title='bbox 882 3399 955 3454; x_wconf 82' lang='lat' dir='ltr'>editt.</span> <span class='ocrx_word' id='word_1_271' title='bbox 980 3399 1013 3468; x_wconf 78' lang='grc' dir='ltr'>τῇ</span> <span class='ocrx_word' id='word_1_272' title='bbox 1039 3393 1094 3465; x_wconf 77' lang='grc' dir='ltr'>πρό</span> <span class='ocrx_word' id='word_1_273' title='bbox 1121 3392 1137 3451; x_wconf 81' lang='grc' dir='ltr'>ι’</span> <span class='ocrx_word' id='word_1_274' title='bbox 1165 3393 1213 3449; x_wconf 73' lang='grc' dir='ltr'>καὶ</span> <span class='ocrx_word' id='word_1_275' title='bbox 1232 3389 1258 3446; x_wconf 81' lang='grc' dir='ltr'>α’</span> 
     </span>
     <span class='ocr_line' id='line_1_32' title="bbox 153 3479 1259 3551; baseline -0.005 -14"><span class='ocrx_word' id='word_1_276' title='bbox 153 3500 178 3551; x_wconf 89' lang='lat' dir='ltr'>p.</span> <span class='ocrx_word' id='word_1_277' title='bbox 187 3482 249 3536; x_wconf 80' lang='lat'>201.</span> <span class='ocrx_word' id='word_1_278' title='bbox 267 3484 385 3536; x_wconf 84' lang='lat' dir='ltr'>Duoaeus</span> <span class='ocrx_word' id='word_1_279' title='bbox 396 3479 459 3532; x_wconf 87' lang='lat' dir='ltr'>male</span> <span class='ocrx_word' id='word_1_280' title='bbox 474 3479 582 3532; x_wconf 78' lang='lat' dir='ltr'>coniecit</span> <span class='ocrx_word' id='word_1_281' title='bbox 595 3482 686 3543; x_wconf 76' lang='lat' dir='ltr'>Touo·</span> <span class='ocrx_word' id='word_1_282' title='bbox 723 3488 783 3536; x_wconf 74' lang='lat' dir='ltr'>aut.</span> <span class='ocrx_word' id='word_1_283' title='bbox 798 3487 840 3536; x_wconf 88' lang='lat' dir='ltr'>M.</span> <span class='ocrx_word' id='word_1_284' title='bbox 860 3484 1026 3551; x_wconf 86' lang='lat' dir='ltr'>(„undeoimo</span> <span class='ocrx_word' id='word_1_285' title='bbox 1045 3482 1160 3535; x_wconf 83' lang='lat' dir='ltr'>colendas</span> <span class='ocrx_word' id='word_1_286' title='bbox 1177 3480 1259 3534; x_wconf 73' lang='lat' dir='ltr'>Matt‘</span> 
     </span>
     <span class='ocr_line' id='line_1_33' title="bbox 154 3558 1259 3636; baseline -0.004 -14"><span class='ocrx_word' id='word_1_287' title='bbox 154 3569 234 3634; x_wconf 70' lang='lat' dir='ltr'>eidos</span> <span class='ocrx_word' id='word_1_288' title='bbox 251 3564 281 3622; x_wconf 76' lang='grc' dir='ltr'>ἐν</span> <span class='ocrx_word' id='word_1_289' title='bbox 299 3566 494 3632; x_wconf 78' lang='grc' dir='ltr'><strong><em>Μασσαγετῶν</em></strong></span> <span class='ocrx_word' id='word_1_290' title='bbox 512 3558 598 3634; x_wconf 74' lang='grc' dir='ltr'><strong>χώρᾳ.</strong></span> <span class='ocrx_word' id='word_1_291' title='bbox 632 3565 688 3616; x_wconf 83' lang='lat' dir='ltr'>hh·</span> <span class='ocrx_word' id='word_1_292' title='bbox 725 3568 1070 3636; x_wconf 74' lang='lat' dir='ltr'>:21.Apr.)elleeerunt.</span> <span class='ocrx_word' id='word_1_293' title='bbox 1089 3567 1259 3620; x_wconf 87' lang='lat' dir='ltr'>NamdePa-</span> 
     </span>
     <span class='ocr_line' id='line_1_34' title="bbox 153 3649 1258 3716; baseline -0.004 -10"><span class='ocrx_word' id='word_1_294' title='bbox 153 3656 203 3706; x_wconf 87' lang='lat' dir='ltr'>luit</span> <span class='ocrx_word' id='word_1_295' title='bbox 216 3654 253 3704; x_wconf 93' lang='lat' dir='ltr'>lo.</span> <span class='ocrx_word' id='word_1_296' title='bbox 265 3653 394 3705; x_wconf 77' lang='lat' dir='ltr'>Bubetios</span> <span class='ocrx_word' id='word_1_297' title='bbox 409 3649 689 3716; x_wconf 78' lang='lat' dir='ltr'>(Becherohesetllis-</span> <span class='ocrx_word' id='word_1_298' title='bbox 725 3654 783 3705; x_wconf 85' lang='lat' dir='ltr'>liliis</span> <span class='ocrx_word' id='word_1_299' title='bbox 803 3653 955 3705; x_wconf 80' lang='lat' dir='ltr'>Plutarchus</span> <span class='ocrx_word' id='word_1_300' title='bbox 975 3653 1001 3703; x_wconf 91' lang='lat' dir='ltr'>in</span> <span class='ocrx_word' id='word_1_301' title='bbox 1021 3654 1071 3702; x_wconf 86' lang='lat' dir='ltr'>vita</span> <span class='ocrx_word' id='word_1_302' title='bbox 1090 3652 1191 3703; x_wconf 82' lang='lat' dir='ltr'>Romuli</span> <span class='ocrx_word' id='word_1_303' title='bbox 1209 3652 1258 3703; x_wconf 90' lang='lat' dir='ltr'>ait:</span> 
     </span>
     <span class='ocr_line' id='line_1_35' title="bbox 154 3726 1258 3806; baseline -0.002 -16"><span class='ocrx_word' id='word_1_304' title='bbox 154 3739 293 3791; x_wconf 82' lang='lat' dir='ltr'>sartations</span> <span class='ocrx_word' id='word_1_305' title='bbox 312 3752 356 3788; x_wconf 89' lang='lat' dir='ltr'>sur</span> <span class='ocrx_word' id='word_1_306' title='bbox 370 3733 499 3787; x_wconf 86' lang='lat' dir='ltr'>Herodote</span> <span class='ocrx_word' id='word_1_307' title='bbox 517 3748 543 3801; x_wconf 87' lang='lat' dir='ltr'>p.</span> <span class='ocrx_word' id='word_1_308' title='bbox 556 3731 620 3801; x_wconf 78' lang='lat'><strong>197)</strong></span> <span class='ocrx_word' id='word_1_309' title='bbox 638 3734 690 3800; x_wconf 81' lang='lat' dir='ltr'>legi</span> <span class='ocrx_word' id='word_1_310' title='bbox 726 3731 769 3790; x_wconf 84' lang='grc' dir='ltr'>ὅτι</span> <span class='ocrx_word' id='word_1_311' title='bbox 793 3733 844 3802; x_wconf 69' lang='grc' dir='ltr'>μὲν</span> <span class='ocrx_word' id='word_1_312' title='bbox 869 3726 920 3790; x_wconf 76' lang='grc' dir='ltr'>οὖν</span> <span class='ocrx_word' id='word_1_313' title='bbox 947 3730 964 3804; x_wconf 88' lang='grc' dir='ltr'><strong><em>ἡ</em></strong></span> <span class='ocrx_word' id='word_1_314' title='bbox 983 3736 1073 3798; x_wconf 74' lang='grc' dir='ltr'><strong><em>κτίσις</em></strong></span> <span class='ocrx_word' id='word_1_315' title='bbox 1096 3733 1205 3802; x_wconf 74' lang='grc' dir='ltr'><em>γένοιτο</em></span> <span class='ocrx_word' id='word_1_316' title='bbox 1223 3738 1258 3806; x_wconf 79' lang='grc' dir='ltr'>τῇ</span> 
     </span>
     <span class='ocr_line' id='line_1_36' title="bbox 157 3815 1335 3893; baseline -0.003 -16"><span class='ocrx_word' id='word_1_317' title='bbox 157 3827 227 3888; x_wconf 85' lang='grc' dir='ltr'><strong>Τομ.</strong></span> <span class='ocrx_word' id='word_1_318' title='bbox 257 3819 286 3876; x_wconf 81' lang='grc' dir='ltr'>ἐν</span> <span class='ocrx_word' id='word_1_319' title='bbox 306 3819 447 3891; x_wconf 77' lang='grc' dir='ltr'>Ἀβασγίᾳ,</span> <span class='ocrx_word' id='word_1_320' title='bbox 472 3819 554 3870; x_wconf 78' lang='lat' dir='ltr'>fretus</span> <span class='ocrx_word' id='word_1_321' title='bbox 579 3820 691 3872; x_wconf 88' lang='lat' dir='ltr'>auotori—</span> <span class='ocrx_word' id='word_1_322' title='bbox 725 3815 780 3889; x_wconf 68' lang='lat' dir='ltr'>nod</span> <span class='ocrx_word' id='word_1_323' title='bbox 796 3819 896 3876; x_wconf 73' lang='grc' dir='ltr'><strong><em>ἕνδεκα</em></strong></span> <span class='ocrx_word' id='word_1_324' title='bbox 909 3822 1057 3875; x_wconf 71' lang='grc' dir='ltr'>καλανδῶν</span> <span class='ocrx_word' id='word_1_325' title='bbox 1070 3821 1176 3876; x_wconf 74' lang='lat' dir='ltr'>Meton</span> <span class='ocrx_word' id='word_1_326' title='bbox 1191 3816 1259 3886; x_wconf 85' lang='grc' dir='ltr'>ὁμο·</span> <span class='ocrx_word' id='word_1_327' title='bbox 1329 3885 1335 3893; x_wconf 23' lang='grc' dir='ltr'><strong><em>ι</em></strong></span> 
     </span>
     <span class='ocr_line' id='line_1_37' title="bbox 155 3903 1259 3975; baseline -0.006 -13"><span class='ocrx_word' id='word_1_328' title='bbox 155 3913 207 3963; x_wconf 80' lang='lat' dir='ltr'>ute</span> <span class='ocrx_word' id='word_1_329' title='bbox 223 3909 339 3974; x_wconf 80' lang='lat' dir='ltr'>Taetzae,</span> <span class='ocrx_word' id='word_1_330' title='bbox 358 3904 556 3959; x_wconf 77' lang='lat' dir='ltr'>suillist.(lhil.</span> <span class='ocrx_word' id='word_1_331' title='bbox 574 3906 601 3955; x_wconf 83' lang='lat' dir='ltr'>V.</span> <span class='ocrx_word' id='word_1_332' title='bbox 621 3921 643 3957; x_wconf 85' lang='lat' dir='ltr'>c.</span> <span class='ocrx_word' id='word_1_333' title='bbox 660 3903 691 3956; x_wconf 89' lang='grc'>17</span> <span class='ocrx_word' id='word_1_334' title='bbox 726 3910 856 3975; x_wconf 75' lang='grc' dir='ltr'>λσγεῖται.</span> <span class='ocrx_word' id='word_1_335' title='bbox 894 3907 966 3959; x_wconf 79' lang='lat' dir='ltr'>Adde</span> <span class='ocrx_word' id='word_1_336' title='bbox 992 3907 1040 3960; x_wconf 90' lang='lat' dir='ltr'>lul.</span> <span class='ocrx_word' id='word_1_337' title='bbox 1064 3907 1145 3961; x_wconf 85' lang='lat' dir='ltr'>Solio.</span> <span class='ocrx_word' id='word_1_338' title='bbox 1168 3905 1259 3971; x_wconf 83' lang='lat' dir='ltr'>Polyh.</span> 
     </span>
     <span class='ocr_line' id='line_1_38' title="bbox 156 3990 974 4056; baseline -0.002 -10"><span class='ocrx_word' id='word_1_339' title='bbox 156 3999 182 4046; x_wconf 85' lang='lat' dir='ltr'>et</span> <span class='ocrx_word' id='word_1_340' title='bbox 199 3993 258 4046; x_wconf 89' lang='lat' dir='ltr'>llll.</span> <span class='ocrx_word' id='word_1_341' title='bbox 277 4009 299 4045; x_wconf 87' lang='lat' dir='ltr'>e.</span> <span class='ocrx_word' id='word_1_342' title='bbox 317 3992 368 4046; x_wconf 78' lang='lat'>451</span> <span class='ocrx_word' id='word_1_343' title='bbox 387 3992 546 4056; x_wconf 82' lang='lat' dir='ltr'>Massagetae</span> <span class='ocrx_word' id='word_1_344' title='bbox 565 3990 692 4055; x_wconf 75' lang='lat' dir='ltr'>abasgi</span> <span class='ocrx_word' id='word_1_345' title='bbox 726 4010 748 4046; x_wconf 89' lang='lat' dir='ltr'>e.</span> <span class='ocrx_word' id='word_1_346' title='bbox 768 3993 792 4044; x_wconf 75' lang='lat'>2.</span> <span class='ocrx_word' id='word_1_347' title='bbox 820 3993 880 4045; x_wconf 82' lang='lat' dir='ltr'>Nou</span> <span class='ocrx_word' id='word_1_348' title='bbox 896 3996 974 4044; x_wconf 91' lang='lat' dir='ltr'>muto.</span> 
     </span>
    </p>

    <p class='ocr_par' dir='ltr' id='par_1_7' title="bbox 155 4072 1257 4231">
     <span class='ocr_line' id='line_1_39' title="bbox 156 4072 1257 4148; baseline -0.005 -17"><span class='ocrx_word' id='word_1_349' title='bbox 156 4073 316 4148; x_wconf 71' lang='lat' dir='ltr'>(⁹Atinoyor)</span> <span class='ocrx_word' id='word_1_350' title='bbox 341 4081 408 4130; x_wconf 87' lang='lat' dir='ltr'>suot.</span> <span class='ocrx_word' id='word_1_351' title='bbox 443 4075 544 4128; x_wconf 91' lang='lat' dir='ltr'>Noltius</span> <span class='ocrx_word' id='word_1_352' title='bbox 562 4091 613 4141; x_wconf 81' lang='lat' dir='ltr'>„eu</span> <span class='ocrx_word' id='word_1_353' title='bbox 632 4076 691 4131; x_wconf 89' lang='lat' dir='ltr'>Par.</span> <span class='ocrx_word' id='word_1_354' title='bbox 794 4075 820 4130; x_wconf 80' lang='lat' dir='ltr'>t.</span> <span class='ocrx_word' id='word_1_355' title='bbox 846 4072 1018 4146; x_wconf 76' lang='grc' dir='ltr'><strong><em>δεκαμήνοσ]</em></strong></span> <span class='ocrx_word' id='word_1_356' title='bbox 1046 4075 1127 4129; x_wconf 83' lang='lat' dir='ltr'>Geso.</span> <span class='ocrx_word' id='word_1_357' title='bbox 1146 4078 1173 4125; x_wconf 84' lang='lat' dir='ltr'>et</span> <span class='ocrx_word' id='word_1_358' title='bbox 1190 4072 1257 4126; x_wconf 83' lang='lat' dir='ltr'>Mor.</span> 
     </span>
     <span class='ocr_line' id='line_1_40' title="bbox 155 4157 910 4231; baseline -0.004 -12"><span class='ocrx_word' id='word_1_359' title='bbox 155 4165 306 4231; x_wconf 80' lang='lat' dir='ltr'>vestigils“:</span> <span class='ocrx_word' id='word_1_360' title='bbox 327 4166 396 4228; x_wconf 83' lang='grc' dir='ltr'>Τσμ.</span> <span class='ocrx_word' id='word_1_361' title='bbox 411 4157 440 4215; x_wconf 80' lang='grc' dir='ltr'>ἐν</span> <span class='ocrx_word' id='word_1_362' title='bbox 457 4159 663 4229; x_wconf 74' lang='grc' dir='ltr'>Μασσαγέταις.</span> <span class='ocrx_word' id='word_1_363' title='bbox 726 4159 756 4218; x_wconf 75' lang='lat' dir='ltr'>di</span> <span class='ocrx_word' id='word_1_364' title='bbox 774 4158 910 4231; x_wconf 77' lang='lat' dir='ltr'>nopp&#39;tou.</span> 
     </span>
    </p>
   </div>
   <div class='ocr_carea' id='block_1_6' title="bbox 0 0 1422 4852">
    <p class='ocr_par' dir='ltr' id='par_1_8' title="bbox 0 0 1422 4852">
     <span class='ocr_line' id='line_1_41' title="bbox 0 0 1422 4852; baseline 0 0"><span class='ocrx_word' id='word_1_365' title='bbox 0 0 1422 4852; x_wconf 95' lang='lat' dir='ltr'> </span> 
     </span>
    </p>
   </div>
  </div>
 </body>
</html>
