2836 4852
408 283 464 348 An
487 281 734 346 senonicum
754 280 831 345 nm.
851 283 890 345 n.
1138 265 1203 343 '149

141 456 255 516 Statim
276 460 374 514 autem
396 452 578 514 immortalis
599 474 740 535 mapaam
763 455 909 531 imposuit
931 453 1139 515 necessitatem
1194 446 1208 459 ”

148 564 268 625 Ventis.-
294 581 331 622 ac
351 560 465 620 deinde
486 564 570 622 venti
591 583 732 643 arapham
754 580 881 641 superne
902 562 1008 624 iamim

40 755 42 758 Α
140 671 324 732 Deiecerant
346 677 376 729 et
395 671 474 730 inter
497 669 638 731 mortales
662 669 854 732 discordiam
877 672 1062 738 excitarunt.

145 780 205 841 iiii
224 786 323 840 antem
341 779 436 837 -icrris
458 778 588 848 cecidit,
612 799 650 839 aa
672 779 796 860 tinyaoe
817 780 970 839 hominnm

141 888 320 949 Mortalinm
343 888 375 945 ia
399 885 509 946 mattas
532 887 737 948 disiecerunt
761 887 910 950 dialectos
935 917 974 932 -—
1035 951 1052 977 ἱ

96 1001 231 1074 siquae
253 999 436 1072 sequuntur.
480 996 585 1071 Atque
607 996 687 1055 haec
710 998 832 1071 quidem
855 998 946 1074 gesta
970 998 1094 1056 suntin
1117 1000 1203 1056 terra

97 1103 335 1169 Chaldaeorum.
380 1103 413 1162 ln
443 1106 530 1163 terra
562 1107 665 1164 autem
689 1103 836 1164 Chanaan
861 1106 936 1164 urbs
960 1106 1037 1184 init,
1070 1107 1119 1166 sui
1143 1121 1203 1164 no-

95 1233 165 1274 men
196 1212 326 1276 Charra.
371 1212 412 1270 lis
444 1213 638 1288 temporibus
668 1215 786 1292 primus
817 1216 847 1273 in
880 1215 1028 1291 Aegypto
1058 1215 1204 1296 regnavit

96 1323 240 1399 Pharao,
261 1322 313 1396 qui
336 1325 369 1380 et
390 1319 554 1380 Neehaoih
575 1323 659 1397 apud
682 1322 860 1399 Aegyptios
885 1324 986 1383 dicius
1010 1324 1076 1382 est:
1103 1324 1136 1381 et
1160 1321 1205 1380 sio

96 1433 217 1491 caeteri
244 1446 339 1506 reges
368 1430 468 1488 secuti
499 1431 581 1489 suni.
625 1427 659 1486 ln
683 1432 771 1489 terra
799 1432 902 1489 autem
926 1430 1083 1505 Sennaar,
1099 1444 1204 1502 ⁴quarn

96 1643 127 1694 P.
147 1642 179 1693 Ε.
200 1640 340 1692 iablonslis
361 1640 480 1707 Opuscc,
500 1638 538 1692 ed.
556 1641 576 1692 l.
596 1640 641 1706 W„
669 1640 709 1692 ius
728 1643 863 1696 existimat.
900 1642 1025 1695 Nourrius
1048 1641 1155 1709 (Appos.
1175 1638 1205 1690 od

95 1731 123 1778 te
143 1727 243 1788 Water,
263 1726 292 1777 Τ.
309 1726 328 1776 Ι.
350 1741 374 1792 p.
391 1723 441 1776 374
455 1740 513 1794 sqq..⁴
670 1726 790 1778 Bibiioih.
810 1727 877 1777 hlox.
897 1725 1089 1794 1³.1.p.512)
1109 1727 1204 1787 autem,

165 1806 208 1861 λδ.
234 1805 280 1861 Ἐν
299 1806 330 1862 si
349 1850 355 1862 .
373 1848 379 1862 .
399 1849 404 1861 .
425 1806 454 1861 iv
475 1810 510 1879 τῇ
529 1807 632 1881 ἐρήμῳ]
670 1811 735 1877 quod
749 1811 848 1878 quidem
862 1811 988 1879 improbo,
1008 1810 1061 1861 vuit
1073 1823 1119 1877 pro
1135 1803 1205 1873 pessi

98 1895 195 1946 Genes.
222 1893 270 1958 14,
291 1893 379 1946 1-6.
425 1895 476 1947 Pro
504 1893 633 1961 Σενναᾶρ
669 1895 772 1947 τοῦτον
791 1895 840 1960 legi
858 1891 928 1960 preci
947 1895 1068 1958 todeca,
1087 1909 1146 1946 cum
1163 1908 1204 1945 eo.

97 1979 188 2046 (len.)
213 1979 308 2044 legitur
330 1979 405 2042 vulgo
426 1975 545 2043 Σεναάρ.
582 1980 633 2031 Ρο-
670 1980 804 2033 Caeterum
823 1980 913 2048 procul
939 1979 1014 2032 dubio
1032 1978 1128 2031 librarii
1148 1979 1205 2030 huic

99 2067 153 2116 ster
169 2066 251 2114 mrtem
269 2063 330 2114 Ven.
345 2063 418 2113 Bodi.
435 2068 461 2115 et
476 2064 558 2128 editi,
577 2080 633 2115 exc.
668 2065 723 2116 loeo
737 2065 841 2116 vulnera
853 2066 976 2116 iecerunt.
996 2064 1098 2116 Etenim
1112 2058 1205 2128 Ἀριώχ

99 2148 174 2199 Woii.
195 2152 221 2198 et
238 2147 378 2212 Harmina,
408 2151 477 2216 reete
496 2145 632 2209 Σενναοὲρ.
668 2164 719 2200 non
746 2150 841 2216 primns
868 2153 1017 2201 recensetur
1042 2149 1069 2199 in
1098 2146 1204 2209 Genesi,

100 2230 560 2298 llumphr.Xodoiiapopipmxyi.)
573 2247 633 2284 con·
669 2231 715 2283 sed
739 2236 797 2298 post
816 2232 954 2299 Amerphnl
972 2247 1059 2296 regem
1079 2232 1204 2283 Sennaos.

100 2320 139 2367 tro
165 2315 241 2368 iidem
267 2316 390 2368 codicum.
417 2345 449 2354 —
485 2317 635 2369 Perizonius
669 2318 704 2369 Et
722 2316 821 2369 Eilaser
840 2330 890 2368 non
909 2332 956 2368 rex
973 2317 1034 2378 init,
1058 2316 1104 2367 sed
1123 2316 1204 2381 ipsum

100 2400 150 2452 ic.
165 2399 330 2466 Theophilum
345 2401 464 2466 exagitat,
481 2401 547 2467 quod
562 2405 634 2467 qnat-
670 2416 775 2466 regnum
796 2400 862 2467 qued
886 2400 990 2452 tenebat
1010 2400 1114 2452 Anioch.
1151 2399 1204 2451 De-

98 2490 159 2538 iuor
178 2501 254 2550 reges
273 2485 314 2536 hic
332 2490 503 2547 memoratos,
530 2485 587 2550 qui,
607 2490 635 2536 ut
669 2485 795 2550 scriptor,
822 2484 843 2534 si
862 2485 1023 2535 coniecturae
1050 2483 1121 2533 icens
1141 2482 1202 2534 dan-

99 2584 131 2621 cx
149 2571 202 2635 ipsa
222 2568 317 2621 Genss.
336 2570 353 2619 l.
372 2585 393 2620 c.
413 2569 572 2620 manifestum
592 2569 634 2633 sit,
669 2567 732 2632 dus,
759 2580 849 2618 errore
872 2561 967 2632 ’tietdo
993 2581 1039 2633 pro
1064 2560 1205 2632 Ἀμαρφάλ

98 2653 187 2704 eodem
214 2657 328 2718 tempore
355 2653 513 2704 diversorum
538 2666 633 2718 regno·
669 2652 768 2718 posuit:
798 2665 872 2717 quem
906 2664 1122 2714 errorern·quum
1150 2649 1205 2700 ani-

99 2752 156 2788 rum
184 2752 231 2788 sen
259 2737 407 2803 oppidorum
436 2751 512 2802 reges
539 2737 635 2788 tuerint
669 2734 851 2800 moriemimi,
870 2747 921 2784 non
942 2733 1079 2798 expunxit,
1098 2748 1130 2785 ne
1149 2732 1205 2791 libri

27 2883 29 2886 Α
100 2822 160 2873 socii
180 2822 247 2872 inter
267 2836 293 2871 se
314 2826 339 2873 et
357 2822 445 2884 amici,
473 2819 635 2873 affirmaverit
669 2818 882 2887 pulchritudinem
902 2811 1055 2880 macularet,
1073 2818 1118 2870 sed
1137 2817 1207 2869 dedii

100 2905 147 2956 sihi
174 2906 282 2955 invicem
308 2905 473 2954 successisse.
517 2904 553 2954 m
576 2905 634 2955 ilios
670 2901 778 2967 ἕτερος,
806 2903 831 2953 h.
851 2919 872 2953 e.
900 2902 972 2955 olitis
1000 2902 1122 2968 (seres
1144 2899 1205 2967 tuis)

99 2989 209 3040 diverms
242 2990 268 3040 in
303 2989 449 3053 regionibus
485 2988 634 3054 (Assyriae)
670 2987 874 3054 regniEiinsar.
899 2986 987 3052 ltaque
1002 2987 1109 3052 scripsit
1120 2986 1205 3038 Thea-

100 3077 221 3139 regnasse
239 3075 294 3140 ipse
314 3073 469 3140 Theophiius
487 3073 578 3139 innuit,
597 3072 635 3124 di·
669 3071 754 3142 philus
778 3073 831 3123 iere
852 3071 901 3122 sic:
988 3069 1100 3135 πρῶτος
1125 3069 1204 3136 βασι-

99 3173 161 3209 cens
189 3157 306 3209 Xodoii.
335 3153 464 3222 βασιλεύς
492 3151 580 3221 Αἰλάμ
609 3161 636 3208 et
670 3151 733 3216 λεύς
759 3151 867 3222 ἐγένετο
893 3147 1048 3220 Ἀμαρῳᾰλ,
1076 3150 1147 3220 μετὰ
1173 3151 1219 3208 δὲ·

102 3242 188 3308 Θαργ.
207 3237 337 3311 βασιλεύς
356 3237 456 3292 teiam
495 3241 565 3304 Ergo
584 3253 635 3291 non
670 3240 773 3293 τοῦτον
796 3235 890 3304 Ἀριώχ
915 3235 1047 3307 descissis
1064 3235 1205 3306 'litiosam

101 3329 172 3391 putet
196 3339 239 3376 eos
265 3324 502 3384 sibisuecessisse.
545 3324 636 3376 Nouii·
670 3324 719 3378 καὶ
735 3328 791 3377 κτλ.
827 3324 951 3382 librariis
975 3325 1067 3389 etiem,
1094 3329 1122 3376 ut
1142 3329 1206 3376 ante

102 3408 241 3475 quumhos
259 3423 335 3472 reges
355 3408 510 3473 temporibus
530 3407 636 3472 divellit,
671 3424 710 3460 me
730 3409 872 3460 observavit
890 3409 1024 3474 hierenus,
1041 3408 1205 3464 tribuendum

101 3490 146 3544 sed
164 3495 253 3562 aperie
271 3491 386 3557 agnoscit
400 3491 474 3542 simul
488 3491 636 3557 imperasse,
670 3493 778 3544 tortasse
799 3497 839 3544 esi
863 3490 931 3558 quod
951 3492 1058 3558 Thargal
1077 3508 1123 3546 rex
1142 3508 1208 3559 gen-

101 3591 176 3642 quum
194 3577 259 3626 inira
279 3588 323 3626 eos
343 3577 416 3624 unius
438 3573 497 3624 belii
516 3573 636 3625 sacietate
671 3577 733 3626 tium
759 3574 852 3627 dicitur
876 3575 947 3626 τῶν
971 3575 1206 3643 καλουμένων

101 3675 190 3711 omnes
216 3659 365 3723 coniungat:
392 3657 438 3709 nai
464 3650 555 3717 οὕτως
580 3654 636 3722 ἐγέ-
670 3655 871 3725 Ἀσσυρίων.
907 3657 1032 3712 Videntur
1050 3661 1112 3713 haec
1129 3665 1206 3717 cerba

101 3762 165 3797 νετο
190 3741 254 3797 τότε
272 3739 338 3802 eoric
358 3739 494 3808 τέσσαρας
515 3743 638 3810 βασιλεῖς
672 3745 773 3796 minime
800 3743 933 3811 Theophili
959 3757 1033 3807 esse,
1064 3746 1106 3813 qui
1131 3752 1206 3818 quat-

100 3831 157 3881 κτλ.
190 3828 276 3893 Quint
311 3828 392 3880 Probe
411 3829 531 3879 hierenus
553 3833 639 3880 monet
672 3833 731 3879 tuor
748 3826 805 3878 illos
829 3841 905 3893 reges
930 3832 1002 3880 vacat
1026 3844 1102 3896 reges
1124 3831 1207 3896 Assy-

101 3912 268 3979 l'heophiinm
284 3911 368 3963 verbis
381 3909 451 3977 need
466 3913 568 3964 τοῦτον
583 3926 637 3962 or·
674 3913 727 3963 rios
746 3910 821 3977 (βασ.
835 3911 892 3964 τῶν
906 3905 1033 3980 lissum),
1051 3915 1127 3966 immo
1146 3928 1206 3966 vero

102 3997 208 4049 dinem
226 4001 352 4063 spectare,
371 4012 445 4063 quem
461 3997 570 4049 Genesis
585 3998 601 4047 i.
616 4011 638 4047 c.
672 3995 699 4046 in
730 3995 842 4060 margine
876 3994 916 4047 vei
946 4011 1023 4063 supra
1052 3998 1144 4049 lineam
1176 3996 1207 4048 ad

101 4097 127 4134 v.
148 4081 164 4132 1
189 4083 215 4132 in
238 4081 271 4132 iis
296 4079 460 4132 numerandis
485 4084 638 4151 secuteyest.
674 4077 767 4134 lovan
782 4080 898 4147 apposita
912 4081 1006 4134 inisse:
1027 4081 1094 4133 unde
1106 4082 1132 4132 in
1148 4084 1206 4133 tex-

103 4164 169 4216 ltum
188 4164 318 4228 dignitatis
332 4167 454 4218 rationem
469 4165 564 4219 habere
577 4165 639 4217 Fet·
674 4168 727 4216 tum
747 4168 880 4218 venerunt.
917 4164 956 4219 ci.
977 4181 1001 4216 n.
1020 4164 1062 4217 29.
1081 4163 1122 4218 3⁰.
1141 4163 1184 4219 35.
