2836 4852
477 272 860 349 sachsenhusen
1142 299 1227 349 xcix

110 466 233 554 galam
265 480 429 534 amorem
465 463 606 534 arctius
643 464 896 554 adstringeret
928 464 976 552 (c.
1007 463 1092 553 38).
1144 461 1225 535 Eva

110 588 258 678 peperit
292 587 445 659 Oainum
478 608 526 658 ac
560 588 695 658 deinde
733 587 901 659 Abelem.
962 587 1068 658 Caini
1102 589 1224 659 scelus

110 721 149 782 et
180 712 320 804 punitio
353 715 401 803 (o.
433 713 499 803 29)
532 720 570 784 et
602 713 744 804 posteri
780 717 1032 783 recensentur.
1082 712 1142 783 Ab
1176 713 1223 785 iis

108 843 212 907 artes
249 837 423 907 inventae
453 843 554 931 sunt,
588 839 636 908 de
669 837 799 926 quibus
832 835 1034 927 scriptores
1065 837 1222 926 gentilos

13 993 18 997 ·
106 961 198 1031 nihil
223 969 424 1052 potuerunt
449 962 518 1031 nisi
542 961 747 1033 fabulosum
772 961 897 1031 dicere
923 963 970 1051 (o.
987 961 1064 1051 30).
1107 960 1220 1033 Eius·

105 1088 190 1156 deun
214 1085 420 1175 scripturae
451 1084 628 1157 beneficio
653 1086 906 1176 cognoscimus
933 1085 1113 1177 originem
1138 1106 1219 1156 ma·

106 1211 284 1280 ximarum
310 1211 471 1304 urbium,
498 1211 716 1281 divisionem
737 1211 962 1305 linguarum,
989 1210 1126 1283 seriem
1146 1231 1218 1283 an-

108 1335 394 1424 tiquissimorum
425 1355 555 1424 regum
590 1337 637 1426 (o.
666 1337 751 1426 31),
790 1335 971 1406 rationem
1002 1336 1217 1425 dissipatio.-

104 1458 163 1528 nis
188 1460 336 1529 humani
371 1460 517 1548 generis
545 1460 583 1527 in
620 1459 829 1528 universum
867 1465 1052 1529 terrarum
1089 1462 1217 1549 orbem

104 1585 153 1673 (c.
176 1582 252 1671 32).
303 1581 442 1653 Harum
477 1601 600 1651 rerum
636 1583 793 1653 omnium
828 1584 988 1673 cognitio
1012 1582 1154 1654 frustra
1167 1583 1218 1654 ,in

105 1707 211 1778 libris
239 1706 430 1794 gentilium
457 1707 645 1795 quaeritur
676 1709 722 1797 (o.
751 1707 827 1796 33).
879 1706 1090 1799 Prophetae
1120 1727 1215 1780 vero

103 1851 176 1901 non
199 1833 318 1927 solum
352 1830 398 1900 de
432 1831 555 1899 mundi
583 1832 768 1901 creatione
793 1852 860 1901 nos
893 1834 1115 1927 docuerunt,
1147 1833 1216 1905 sed

104 1957 212 2027 etiam
234 1956 281 2025 de
306 1956 376 2023 deo
398 1956 555 2025 colendo
576 1961 615 2026 et
634 1929 714 2026 vita
735 1963 838 2027 recto
857 1957 1082 2027 instituenda
1099 1977 1214 2048 prac-

104 2087 213 2172 cepta
240 2079 472 2150 tradiderunt
498 2082 545 2170 (o.
567 2081 653 2170 34);
689 2081 725 2150 id
753 2084 851 2170 qnod
881 2082 1139 2172 speciminibus
1165 2101 1214 2152 ex

103 2205 209 2292 libris
235 2225 362 2275 eorum
385 2204 549 2274 illustrat
580 2205 628 2293 (c.
654 2205 739 2297 35),
774 2206 899 2277 multis
923 2207 1059 2277 additis
1081 2203 1214 2294 Sibyl·

102 2331 165 2400 lae
189 2329 360 2399 versibus
388 2330 436 2418 (c.
461 2328 536 2417 36).
590 2327 684 2414 Quin
711 2331 820 2400 etiam
847 2338 981 2421 poetae
1010 2331 1056 2400 do
1082 2328 1213 2418 poenis

102 2455 236 2525 sceleri
265 2453 472 2544 infligendis
505 2454 552 2543 (c.
576 2453 658 2545 37),
696 2459 742 2523 de
772 2457 895 2524 mundi
925 2453 1212 2544 conflagratione

102 2586 142 2650 et
168 2579 253 2650 aliis
278 2580 389 2648 rebus
418 2578 593 2646 nonnulla
617 2577 789 2647 dixerunt
816 2597 909 2665 quae
936 2599 1018 2646 cum
1044 2574 1212 2666 prophe-

101 2704 151 2773 tis
176 2703 408 2775 consentiunt
434 2704 481 2792 (c.
498 2701 575 2790 38).

516 2913 547 2977 3.
579 2911 667 3011 Libri
689 2914 784 2978 tertii.

194 3071 320 3157 Quum
356 3071 503 3160 priores
543 3071 809 3161 disputationes
844 3071 999 3141 animum
1036 3070 1212 3160 Autolyci

100 3218 174 3269 non
200 3196 455 3289 infregissent,
490 3194 718 3286 Theophilus
745 3197 793 3265 ad
826 3192 922 3265 huno
952 3196 1086 3265 librum
1119 3215 1212 3266 exa-r

100 3324 253 3391 randum
295 3341 495 3411 aggressus
534 3326 601 3389 est.
664 3320 837 3390 Declarat
872 3303 964 3404 'sibi
984 3321 1212 3411 propositum

101 3466 186 3517 esso
219 3446 553 3534 antiquitatem
586 3446 941 3536 scripturarum
977 3445 1212 3516 christia-

100 3591 262 3645 narum
295 3570 350 3640 ab
386 3571 577 3661 origine
612 3570 867 3659 repetitam
898 3570 932 3639 ei
963 3575 1048 3640 ante
1083 3571 1211 3639 oculos

98 3714 257 3788 ponere,
294 3700 335 3764 ut
367 3697 514 3766 tandem
553 3695 751 3785 aliquando
789 3693 973 3784 intelligat
1008 3694 1212 3784 scriptores

99 3841 254 3912 quorum
290 3820 532 3891 admiratione
572 3823 768 3891 tenebatur
801 3820 938 3891 nullius
978 3838 1061 3890 esse
1101 3816 1213 3908 pretii

100 3945 154 4034 (o.
174 3945 231 4035 1).
285 3936 383 4015 Nam
414 3965 533 4035 neque
567 3944 642 4014 suis
673 3945 744 4037 ipsi
773 3947 889 4022 oculis
917 3947 1091 4015 viderunt
1119 3959 1212 4029 quae

98 4069 218 4139 literis
247 4072 437 4161 mandant,
472 4088 591 4158 neque
622 4070 830 4141 didicerunt
857 4071 904 4141 ab
930 4068 989 4140 his
1014 4067 1076 4157 qui
1103 4065 1213 4134 videa

135 4190 214 4258 corp.
233 4189 320 4258 spon.
343 4188 399 4243 vol.
418 4188 489 4242 vlu.
966 4193 990 4260 d
