2836 4852
425 265 482 328 Al)
508 265 754 330 AUTOLYCUM
774 265 851 332 ΗΒ.
870 267 911 329 11.
1163 262 1226 330 187

119 450 186 496 enm
207 436 442 517 congrediaris,
469 439 520 517 ut,
541 439 646 500 vivam
668 455 792 516 qnoque
813 453 924 499 vocem
948 435 1095 514 audiens,
1116 452 1227 498 verum

119 545 266 605 accurate
287 547 401 609 diseas.

119 750 196 801 verba
211 754 281 802 recte
297 755 390 806 struas.
419 754 500 806 Ζῶσα
515 751 597 821 φωνή
614 753 655 805 hic
689 767 761 804 rom
780 767 919 805 sacrem
938 751 1067 818 (clauc),
1086 753 1142 804 rel:
1160 752 1226 805 Sio-

118 832 184 885 idem
213 839 253 886 est
272 836 338 902 quod
357 837 440 890 Latini
458 841 549 891 ninam
566 853 655 890 vocem
689 837 753 888 teas
778 851 841 904 erpo
868 838 955 888 tatia
983 837 1140 902 (prophetia)
1167 838 1225 903 fre-

118 917 219 970 dicunt:
245 919 274 970 ad
299 936 372 987 quarn
398 923 546 976 audiendam
570 923 654 974 Theo·
689 921 813 987 patentior
829 922 984 973 conversari
1000 921 1080 985 (Feli.
1096 921 1225 985 etBett.).

118 1003 201 1070 philus
213 1004 365 1070 Autolycum
378 1008 506 1072 hortatur,
525 1021 654 1060 commen·
690 1005 824 1057 Caeterum
843 1005 1032 1056 Thianemanno
1058 1019 1109 1055 non
1135 1019 1225 1056 assen-

118 1086 175 1139 ‹lata
202 1088 252 1154 ipsi
280 1091 455 1157 frequentiora
483 1091 653 1160 disputatione
687 1090 739 1141 tior
756 1091 870 1158 opinanti
891 1091 967 1142 verba
987 1088 1110 1158 ἀκριβῶς
1126 1108 1155 1154 μ.
1175 1085 1225 1142 τοὶ·

117 1185 203 1224 aacum
228 1173 393 1226 instituenda.
428 1177 466 1227 lta
493 1177 558 1228 enim
584 1190 652 1242 συμ-
687 1172 772 1240 troie
799 1189 857 1226 ease
882 1174 992 1226 tortasse
1016 1174 1112 1242 antiqui
1137 1175 1225 1226 cuina-

118 1255 214 1326 βαλεῖν
236 1258 277 1308 hic
295 1258 466 1326 accipiendum
493 1260 653 1326 (Thienem.:
688 1259 743 1311 dam
770 1263 879 1327 poetaa;
912 1259 938 1310 in
973 1275 1047 1326 quam
1080 1259 1224 1322 opinionem

116 1336 204 1406 „oster
220 1342 265 1392 mit
278 1342 326 1393 rnir
339 1344 654 1410 zusammenzutreffen“),
690 1358 746 1395 eum
781 1357 916 1412 perperam
948 1341 1070 1408 perduxit
1102 1338 1225 1408 τάληθές

117 1428 147 1476 ut
164 1429 190 1478 et
207 1427 315 1492 patescit
333 1443 365 1478 ex
384 1427 569 1480 lib.ttt.c.1:
587 1423 655 1495 ἡμῖν
688 1442 736 1495 per
754 1429 837 1478 cresin
855 1427 989 1494 prolatum.
1021 1426 1123 1478 Pariter
1140 1427 1225 1479 Theo·

118 1507 151 1563 at
169 1507 328 1578 συμβαλών.
354 1510 460 1563 Priores
478 1512 595 1563 nimirum
612 1514 655 1564 in·
670 1564 673 1571 ,
689 1512 772 1579 phitua
791 1510 852 1564 dicit
869 1506 983 1577 τάληθῆ
1010 1511 1054 1563 tib.
1073 1500 1120 1562 1'11.
1139 1526 1162 1565 c.
1181 1511 1225 1575 2³,

118 1598 249 1664 terpratca
265 1595 351 1662 inepta
369 1594 423 1646 aie:
445 1595 552 1663 Oportet
568 1597 656 1662 ipitur
689 1589 825 1662 τοῦνομα,
843 1591 929 1662 κάγώ,
946 1590 1077 1649 κάκείνου
1096 1599 1161 1649 etc:
1180 1595 1225 1650 tie.

121 1682 146 1731 tc
162 1677 331 1747 frequentius
350 1681 472 1732 accedere
490 1681 564 1733 scri
568 1696 587 1747 p
597 1683 654 1733 to·
690 1681 711 1735 Ι.
731 1695 766 1732 cc.
782 1680 808 1732 1.
823 1679 849 1745 2,
864 1680 908 1733 tib.
922 1680 968 1733 111.
988 1696 1024 1734 cc.
1040 1680 1064 1733 1.
1080 1679 1122 1734 20.
1135 1679 1179 1732 21.
1192 1680 1224 1733 al.
