2836 4852
432 269 488 327 AD
510 268 754 330 AUTOLYCUM
775 267 852 328 Llll.
872 267 894 329 l.
1178 268 1218 334 15

111 441 182 515 quia
206 440 306 498 omnia
337 440 368 496 in
399 455 456 498 sua
486 440 585 515 ipsius
615 440 789 499 stabilitate
820 440 943 515 posuit,
976 443 1008 498 et
1029 445 1163 518 proptor
1185 438 1218 504 ro*

111 545 209 620 θέειν,
239 548 322 623 quod
352 549 433 606 idem
464 551 514 607 ost
543 566 580 608 ao
612 565 740 608 ourrero
769 552 801 607 at
825 564 948 607 movero
978 553 1010 608 ot
1033 553 1159 627 operari
1187 556 1220 612 ot

110 660 230 716 nutrire
261 662 292 716 ot
314 659 484 733 providere
513 662 544 716 at
566 659 726 718 vivificare
749 660 861 718 omnia.
906 659 1053 718 Dominus
1075 664 1124 718 ast
1147 663 1218 737 quia

111 767 250 825 omnibus
283 767 475 842 dominatur,
509 769 602 843 pater
630 769 701 842 quia
732 771 781 827 ast
811 771 883 826 anto
908 769 1024 842 omnia,
1054 768 1163 845 opilox
1187 775 1219 830 at

110 879 236 936 oroator
255 878 331 951 quia
358 878 458 935 omnia
483 877 621 936 condidit
644 880 676 934 ot
700 878 835 952 creavit,
865 877 1035 936 altissimus
1067 879 1138 951 quia
1170 881 1219 937 ost

110 1001 206 1060 supra
230 986 348 1060 omnia,
381 987 575 1061 omnipotens
599 986 670 1060 quia
702 987 802 1043 omnia
827 988 913 1044 tonat
937 989 968 1045 et
991 987 1218 1062 oomplootitur.

109 1091 186 1151 Nam
219 1097 250 1152 at
281 1094 346 1153 alta
376 1096 534 1154 coelorum
566 1097 598 1154 ot
628 1094 785 1171 profunda
817 1095 1004 1172 abyssorum
1036 1098 1067 1154 et
1098 1095 1220 1157 tormini

110 1203 197 1262 orbis
220 1207 292 1262 sunt
314 1204 344 1261 in
365 1220 458 1263 <manu
480 1206 564 1280 eius,
598 1221 700 1279 noque
730 1207 780 1262 ast
809 1205 897 1263 loour
929 1205 1042 1279 inquo
1066 1207 1216 1280 quiescat.

109 1310 167 1371 Est
184 1313 267 1371 onim
290 1313 409 1372 coelum
434 1314 501 1372 eius
519 1330 622 1390 opus,
651 1317 738 1372 terra
760 1314 827 1372 eius
848 1315 1010 1387 creatura,
1043 1329 1127 1372 mare
1151 1317 1218 1375 eius

110 1421 282 1496 opifioium,
309 1419 398 1480 homo
428 1424 495 1481 oius
526 1423 703 1497 figmentum
735 1425 766 1480 et
793 1423 914 1497 imago,
943 1422 993 1479 sol
1026 1424 1058 1479 ot
1085 1423 1158 1481 luna
1188 1427 1220 1482 et

108 1528 224 1587 stollas
253 1532 325 1588 sunt
357 1531 424 1587 aius
455 1531 626 1604 elementa,
654 1529 685 1586 in
709 1527 798 1605 signa
820 1532 851 1588 ot
875 1534 1017 1605 tempora
1041 1532 1073 1588 et
1096 1532 1163 1590 dier
1187 1536 1220 1591 ot

111 1723 191 1777 Gesn.
208 1739 259 1776 non
273 1722 349 1778 ἐστιν
369 1728 409 1792 (ut
423 1726 494 1779 codd.
511 1728 583 1792 msti)
602 1725 647 1778 sod
681 1725 811 1777 Recensut
829 1728 896 1779 enim
912 1725 1042 1778 duodecim
1059 1728 1159 1779 nomina
1172 1729 1219 1780 br-

111 1805 175 1861 ἐσιι.
211 1809 302 1861 Paullo
321 1815 378 1862 anto
396 1812 523 1879 Humphr.
544 1812 605 1864 εἰσι.
682 1810 766 1863 braioa
786 1811 889 1862 tolidem
906 1812 1003 1879 graecis
1018 1812 1160 1863 nominibus
1176 1828 1219 1865 ro·

180 1892 204 1944 9.
222 1896 356 1963 στοιχεῖα]
377 1895 647 1947 Sioetiaminlrac.5
682 1894 830 1961 spondentia
855 1911 906 1962 pro
936 1910 1049 1948 normano
1078 1897 1219 1948 elemento·

111 1978 167 2031 ott
184 1979 263 2032 solam
282 1986 308 2032 el
325 1981 414 2032 stellas
433 1981 545 2048 appellat
562 1982 646 2033 Theo·
682 1995 756 2045 natm,
775 1979 800 2030 id
820 1968 859 2030 ost
877 1978 1007 2030 duodecim
1025 1981 1156 2046 signorum
1175 1994 1219 2032 zo·

110 2064 204 2134 philus.
246 2065 298 2134 [cf.
317 2066 360 2118 lib.
379 2067 413 2120 ll.
441 2082 477 2119 oo.
496 2066 528 2121 15
547 2067 646 2133 ο135.]
682 2063 753 2115 diaci.
782 2063 924 2115 Morunda.
951 2065 989 2116 cf.
1009 2080 1078 2116 muas
1096 2068 1170 2117 nolas
1188 2063 1219 2116 ad

110 2150 208 2203 Eodem
233 2167 310 2204 sensu
334 2145 421 2205 vocam
440 2154 504 2204 liano
523 2157 647 2220 usurpant
681 2148 772 2199 lustin·
787 2148 862 2216 Apol·
877 2149 910 2200 ll.
926 2164 948 2200 o.
964 2149 980 2200 5
997 2152 1035 2214 (n.
1048 2148 1078 2215 2)
1096 2154 1123 2200 ot
1136 2149 1219 2201 Albe-

110 2236 237 2288 Eusebius
256 2237 288 2289 H.
304 2237 335 2289 E.
356 2239 398 2289 lib.
414 2237 438 2289 3.
458 2254 479 2288 o.
495 2237 537 2290 31.
567 2238 646 2290 Prae·
682 2247 770 2299 nagor·
786 2233 802 2283 l·
814 2249 834 2285 c·
851 2249 872 2284 c·
885 2231 917 2284 16
936 2235 974 2298 (n.
989 2236 1045 2300 15).
1075 2233 1219 2286 Addollil-

111 2336 167 2389 par.
182 2336 219 2373 an.
230 2322 274 2374 lib.
291 2322 315 2373 1.
333 2339 354 2375 ο.
372 2321 404 2374 12
424 2326 449 2375 et
468 2323 511 2380 lib.
527 2321 550 2374 3.
567 2339 590 2390 p.
605 2321 647 2386 91,
683 2318 798 2383 ganlsld:
833 2319 890 2371 Der
920 2319 1106 2386 Gololerbrief
1134 2319 1219 2386 (lips.

111 2407 222 2458 Basilius
240 2407 392 2460 llom.4in
411 2407 545 2473 Hexatm,
564 2408 647 2472 Chry·
683 2402 762 2466 1852)
788 2418 812 2470 p.
832 2401 865 2454 66
882 2418 939 2468 sqq.
969 2407 995 2454 ot
1021 2403 1073 2454 Die
1095 2404 1222 2469 jooircne

111 2495 239 2544 sostomus
264 2494 357 2546 Homil.
377 2493 392 2544 6
414 2494 439 2544 in
459 2493 570 2558 (lenes,
597 2493 648 2559 cy.
684 2489 862 2556 Apobolppiib
882 2486 1038 2553 (1οιι.1857)
1053 2502 1078 2553 p.
1091 2485 1148 2537 111.
1160 2486 1219 2538 241.

111 2576 184 2628 rillus
204 2592 225 2628 o.
247 2577 295 2629 lul.
311 2578 353 2628 lib.
369 2577 393 2628 1.
410 2593 435 2644 p.
452 2577 494 2630 17.
522 2577 594 2629 Unda
611 2578 647 2628 la·
755 2570 795 2623 10.
824 2571 863 2631 εἰς
882 2574 980 2636 σημεῖα
1061 2566 1218 2637 ἐνιαυτούς]

97 2662 161 2714 ¹cilo
180 2661 336 2735 applicatur,
357 2662 423 2730 quod
442 2652 577 2713 nonnullos
598 2661 649 2712 ori·
684 2655 750 2708 Gen.
770 2655 853 2720 1,14.

110 2747 176 2797 ticos
190 2747 275 2812 torsit,
294 2761 339 2809 opu
356 2752 423 2799 asina
442 2747 568 2798 interdurn
584 2745 649 2813 apud
752 2740 794 2792 11.
825 2739 896 2808 πρὸς
923 2735 1077 2807 ’ὑπηρεσίαν
1103 2759 1128 2792 ιι.
1154 2741 1221 2793 δον-

110 2830 218 2880 Imlinos
236 2830 406 2882 elementa
425 2831 601 2899 appellentur,
622 2834 650 2880 ut
684 2827 760 2880 tainu
778 2821 876 2894 ἀνθρ]
896 2827 1008 2879 lustinus
1027 2827 1044 2878 l.
1061 2842 1099 2879 a:
1118 2822 1154 2879 voi
1173 2821 1220 2879 od·

112 2913 179 2980 apud
199 2913 385 2966 Tertullianum
412 2915 452 2967 Ad
472 2918 534 2966 nait.
560 2915 603 2967 lib.
623 2913 650 2980 2,
684 2908 771 2978 ράνια
798 2915 922 2979 στοιχεῖα
949 2913 988 2973 εἰς
1014 2905 1135 2980 αὔξησιν
1150 2931 1220 2980 ναρ-

110 2999 269 3050 Lacluniium
298 2999 340 3053 liu
358 2999 383 3052 2.
410 3001 467 3053 οδ
492 3000 565 3052 ets.
585 3001 648 3052 Hie·
684 2998 746 3050 πῶν
763 2997 810 3050 καὶ
831 2992 913 3062 αἱρῶν
936 2996 1092 3066 μεταβολὰς
1113 2994 1220 3064 κοσμή-

111 3096 243 3149 ronymum
268 3084 317 3152 Ep.
340 3085 371 3136 ad
393 3085 484 3137 Hadib.
512 3085 585 3153 [150.
606 3101 647 3153 qu.
685 3100 735 3143 σας
759 3081 806 3136 καὶ
824 3085 906 3136 θεῖον
924 3081 1038 3144 τούτοις
1060 3081 1150 3150 νόμον
1168 3079 1220 3135 τά·

111 3168 166 3236 15].
202 3169 285 3221 Minor
304 3152 435 3222 Patavium
454 3173 537 3223 minus
555 3171 649 3222 vidisse
685 3169 748 3232 ξας,
775 3161 794 3221 di
819 3166 865 3220 nol
895 3162 968 3220 adrui
996 3162 1042 3219 δι’
1070 3162 1221 3233 ἀνθρώ-

90 3252 173 3320 .ηοί(1
191 3255 243 3306 slnt
263 3253 328 3320 apud
346 3254 515 3322 Epiphaniam
542 3251 577 3306 noi
595 3273 648 3322 μα·
684 3272 771 3316 πονς
790 3255 922 3320 φαίνεται
937 3250 1106 3319 πεποιηκώς.
1134 3247 1221 3306 Talia·

112 3339 198 3399 ταίσος
209 3334 380 3406 νομιζόμενα
390 3339 428 3400 εἰς
439 3335 563 3407 ἀριθμόν
573 3355 648 3393 στοι-
684 3355 733 3392 nus
750 3339 822 3392 Orat.
841 3355 862 3390 c.
878 3338 910 3391 4:
939 3336 1055 3406 Γέγονεν
1074 3334 1155 3405 ἥλιος
1173 3337 1221 3390 καὶ

111 3424 195 3492 κείων
209 3422 289 3490 παραὶ
304 3429 364 3486 τοῖς
381 3424 603 3492 πεπλανημένοις
620 3421 650 3479 ὁ·
685 3423 783 3492 σελήνη
801 3420 851 3477 δι’
869 3418 975 3492 ἡμᾶς·
995 3419 1056 3477 εἶτα
1073 3424 1135 3484 παῖς
1153 3420 1221 3485 τούς

111 3506 222 3575 νόμαπα
242 3503 261 3561 ἃ
281 3507 370 3573 §uidua
389 3512 515 3574 καλοῦσι,
535 3505 650 3579 ,prusti-a
685 3507 770 3578 ἐμούς
802 3503 989 3574 ὑπηρέτας
1018 3505 1221 3578 προσκυνήσας

112 3595 270 3661 excogitata,
302 3610 350 3662 pro
376 3610 481 3648 numero
510 3596 650 3649 elemento·
685 3597 861 3661 Athenagoras
878 3595 947 3645 l.‘c.:
968 3589 1036 3646 οὐδὲ
1053 3591 1221 3659 παραλιπών

112 3694 184 3744 rum,
205 3680 275 3746 apud
301 3685 417 3733 errantes
442 3683 558 3746 nomina,
586 3696 649 3748 quaa
684 3674 824 3733 τὸνθεόν
852 3674 887 3729 roi
913 3682 1037 3744 στοιχεῖα
1060 3676 1221 3746 θεραπεύω,

112 3763 185 3815 zodia
216 3765 374 3833 appellant.“
419 3766 488 3817 llaec
521 3766 650 3829 Potavius,
686 3762 728 3826 οἷς
753 3760 841 3832 μηδὲν
867 3760 956 3818 πλέον
980 3757 997 3832 ἢ
1026 3757 1112 3818 ὅσον
1140 3761 1220 3818 ἐκε-

111 3848 170 3900 Not.
190 3850 217 3900 in
234 3850 334 3901 baares.
354 3848 397 3915 16,
415 3849 600 3917 intorpretatur
619 3851 649 3902 de
684 3848 888 3918 λσῦσθησαν
905 3846 1016 3914 ἔξεστιν.
1037 3849 1148 3902 blundus
1160 3865 1221 3901 eon-

112 3924 295 4002 quadriparlita
312 3936 442 4000 signorum
462 3934 585 3987 divisione
603 3950 649 4002 pro
684 3936 750 3988 ditus
768 3940 874 4002 proptor
893 3951 976 4000 genus
999 3937 1150 3996 humanum
1176 3934 1220 3984 lib.

111 4022 221 4086 quatuor
240 4021 425 4072 elementorum
444 4033 559 4072 numero.
597 4019 648 4072 Sed
683 4018 824 4071 ll.o.1b:
852 4016 944 4089 τούτῳ
968 4009 1021 4073 οὖν
1044 4017 1221 4085 πραηναίμα-
1295 4065 1296 4069 ,

110 4104 192 4171 liquot
218 4103 386 4172 Epiphaniam
415 4105 484 4172 loqui
511 4103 542 4155 da
570 4104 650 4170 signis
684 4120 731 4157 σεν
748 4098 797 4156 πὸν
814 4099 928 4170 κόσμον.
965 4103 1088 4156 Similiter
1105 4102 1220 4153 lust-inus

110 4187 223 4256 zodiaci,
249 4204 299 4242 non
324 4189 356 4242 do
375 4195 489 4259 quatuor
507 4189 647 4242 elementis.
682 4190 700 4242 l.
718 4205 737 4240 o.
764 4203 785 4240 o.
802 4188 826 4240 4.
846 4204 871 4256 p.
889 4188 923 4240 la
942 4188 982 4251 u,
1006 4187 1071 4238 llial.
1091 4202 1113 4236 ο.
1131 4186 1174 4240 Tr.
1196 4200 1218 4239 ο.
