2836 4852
425 273 484 340 An
504 271 753 343 noromensi
772 272 852 344 olo.
872 273 913 344 n.
1165 275 1231 346 117

114 411 230 506 audini
249 439 286 505 in
309 437 421 518 burto,
452 446 485 508 et
506 443 644 509 extimui
664 444 741 530 quio
762 441 871 511 nudm
889 465 976 518 αισι,
999 448 1033 512 et
1051 448 1229 515 macecol·

113 551 192 617 tani.
234 550 285 616 Et
307 551 396 618 dicit
417 551 467 617 ei:
508 552 589 628 Quis
618 552 777 620 indicarit
805 553 867 620 tibi
889 554 976 641 quod
997 554 1105 621 nudus
1126 578 1225 630 esses,

113 659 178 723 nisi
199 660 276 745 quia
298 659 340 725 de
362 655 434 745 ipso'
466 659 570 744 ligno,
601 660 644 726 de
670 683 731 747 quo
756 664 914 750 praecepi
942 663 1004 730 tibi
1029 668 1067 729 ut
1094 688 1136 732 ec
1165 667 1226 733 boc

113 767 183 832 solo
212 789 274 834 non
301 767 498 840 comederes,
531 768 726 835 comedisti?
766 770 818 837 Et
841 771 930 837 discit
951 773 1117 839 Adamas:
1149 773 1225 839 Mu·

113 875 190 952 tier,
225 896 320 961 qorarn
348 877 476 942 dedisti
501 878 596 955 mibi,
626 878 703 964 ipso
735 877 830 945 dedit
857 880 939 944 mibi
967 880 1010 947 de
1029 881 1163 956 arbore,
1192 885 1225 947 ct

114 984 245 1050 comedi.
296 984 347 1050 Et
376 986 466 1052 dicit
496 985 576 1052 deus
603 985 649 1051 ad
677 987 860 1054 mulierem:
902 990 971 1053 Gur
1000 991 1061 1056 boc
1087 987 1224 1072 fecisti?

115 1093 165 1159 Et
186 1092 276 1159 dixit
297 1094 432 1159 mulier:
456 1096 598 1181 Serpens
619 1095 751 1181 decepit
771 1119 839 1173 me,
862 1101 896 1163 et
916 1098 1052 1163 comedi.
1096 1097 1148 1163 Et
1169 1098 1222 1163 di·

111 1201 334 1267 sitdominus
363 1203 444 1268 douo
467 1203 514 1269 ad
534 1208 732 1290 serpentem:
774 1204 859 1280 Quia
882 1203 1096 1288 sociabilem,
1121 1205 1222 1274 moto

112 1309 221 1377 dicius
241 1316 278 1376 tu
301 1315 394 1392 [esto]
414 1333 495 1399 prae
517 1313 661 1378 omnibus
683 1313 797 1378 bestiis
817 1318 944 1394 terrae;
975 1335 1079 1401 supro
1107 1318 1222 1401 pectus

110 1423 144 1485 et
164 1425 303 1486 ooutrem
333 1424 423 1486 tuum
451 1421 617 1504 gradieris
649 1426 683 1487 et
713 1421 876 1507 pobocrern
904 1423 1049 1489 comedes
1079 1422 1223 1488 omnibus

110 1528 228 1594 diebus
254 1528 342 1594 oitoe
370 1532 456 1594 tuae.
501 1528 549 1593 Et
574 1529 763 1594 inimicitias
783 1550 899 1617 ponam
919 1532 1007 1596 inter
1027 1535 1061 1598 te
1082 1535 1115 1597 et
1136 1532 1222 1596 inter

110 1637 275 1702 mutierem
296 1640 394 1721 atque
414 1637 501 1701 inter
519 1657 627 1701 semen
647 1640 736 1702 tuum
756 1641 788 1703 et
810 1637 895 1705 inter
916 1641 1022 1705 semen
1043 1641 1130 1718 eius;
1151 1641 1223 1726 ipsc

111 1750 201 1812 tuum
231 1745 414 1811 observabit
443 1749 560 1831 caput,
591 1748 623 1809 et
653 1749 690 1809 tu
720 1746 789 1810 eius
816 1746 999 1813 observabis
1023 1749 1220 1815 calcaneum.

110 1854 160 1920 Et
178 1853 224 1919 ad
245 1854 408 1921 mutierem
430 1854 537 1921 dicit:
570 1853 828 1940 Multipiiaando
850 1856 1072 1943 multiplicabo
1094 1857 1224 1923 dolore·

111 1968 187 2030 tuos
217 1968 249 2029 et
275 1964 427 2048 gemitum
455 1967 562 2036 tuum3
590 1961 625 2025 in
654 1961 766 2028 dolore
784 1965 898 2049 paries
913 1964 1020 2048 filios,
1049 1969 1084 2031 et
1107 1963 1154 2030 ad
1174 1964 1222 2029 oi-

109 2076 289 2138 ruminum
312 2073 375 2138 erit
395 2071 558 2137 conversio
580 2073 649 2145 tua,
671 2075 703 2136 ei
722 2071 794 2157 ipse
816 2072 1035 2139 dominabitur
1054 2072 1125 2139 tibi.
1167 2070 1223 2137 Ao

110 2182 268 2248 Adomnrn
298 2181 533 2247 autemdicit:
568 2178 659 2254 Quia
681 2179 809 2247 audisti
829 2203 933 2246 oocem
954 2183 1067 2246 uxoris
1088 2186 1166 2246 tuae
1188 2183 1222 2245 et

111 2291 278 2356 comedisti
306 2290 348 2355 de
377 2288 483 2374 ligno,
515 2288 556 2353 de
579 2308 639 2372 quo
660 2290 815 2375 praecepi
838 2290 900 2355 tibi
928 2295 965 2356 ut
993 2314 1034 2356 ex
1062 2290 1131 2355 solo
1160 2289 1221 2354 boc

110 2421 173 2464 non
209 2398 407 2471 comederes,
441 2396 617 2462 maledicta
647 2399 741 2476 [esto]
776 2401 867 2463 terra
895 2401 930 2462 in
959 2399 1109 2486 operibns
1137 2397 1222 2476 iuis3

110 2508 151 2572 in‘
167 2505 443 2574 doiore'eomedos
465 2528 534 2570 earn
555 2504 697 2568 omnibus
726 2505 840 2570 diebus
867 2509 954 2572 oitae
980 2512 1073 2577 torae,
1106 2506 1220 2591 spinas

110 2620 143 2681 et
164 2615 303 2681 tribulos
326 2613 519 2700 germinabit
541 2612 612 2684 tibi,
636 2616 668 2677 et
688 2612 900 2680 manducabis
921 2613 1051 2679 berbcrn
1071 2613 1146 2696 agri
1160 2613 1220 2676 tui.

111 2725 151 2790 ln
173 2725 291 2790 sudore
318 2725 425 2789 cuitus
447 2723 498 2788 tui
518 2722 656 2787 vesceris
675 2741 764 2806 pone
785 2724 840 2785 tuo
863 2722 966 2787 donec
983 2721 1161 2787 revertaris
1183 2719 1220 2784 ιἰι
1321 2718 1328 2743 ’

109 2838 248 2911 terram,
282 2855 323 2899 en
351 2854 414 2918 qua
438 2833 563 2896 sumtus
586 2852 635 2904 σαι
665 2850 740 2893 nam
759 2829 869 2917 puleio
891 2852 926 2895 eo
947 2832 979 2896 et
999 2831 1035 2895 in
1055 2829 1219 2917 pulverem

109 3069 161 3136 lus,
179 3071 291 3122 statuero
309 3083 360 3122 non
380 3067 469 3121 oodeo.
497 3065 549 3120 Sed
562 3070 647 3119 temon
682 3064 779 3119 christi
805 3064 891 3117 vorbis
914 3064 980 3138 Luc..
1002 3062 1052 3131 1⁰,
1071 3062 1119 3117 19:
1150 3062 1220 3115 Ecca

111 3155 140 3206 S.
158 3155 267 3206 loannes
285 3153 387 3219 chrys„
406 3153 448 3220 qui
466 3153 493 3204 io
512 3151 599 3203 codem
618 3165 647 3203 oc
682 3152 744 3203 dedi
765 3149 841 3203 cobis
857 3154 1015 3218 potestatem
1033 3150 1154 3203 calcandi
1171 3162 1220 3199 ια-

111 3237 268 3306 Theophilus
296 3236 402 3290 ecclesio
429 3233 564 3288 sacordotii
590 3250 647 3286 mu·
680 3250 730 3303 per
746 3238 883 3302 serpentes
908 3239 934 3287 ct
949 3237 1104 3303 scorpiones
1127 3236 1154 3286 et
1171 3248 1219 3285 ιιι·

110 3337 173 3375 nore
190 3323 341 3391 perfunctus
367 3325 422 3387 cst,
448 3320 549 3386 legebat
571 3337 646 3374 σει·
678 3335 729 3387 per
742 3321 1106 3373 omnemoirtutcminimict.
1131 3315 1220 3383 Quod-

111 3405 232 3475 ρήσει,
259 3396 373 3472 quemvis
398 3407 425 3458 in
449 3407 646 3472 sius‘opcribus
681 3403 703 3455 si
718 3403 822 3455 verbum
849 3405 1006 3473 ascriptum
1032 3402 1171 3455 adhibitum
1190 3399 1219 3453 S.

109 3491 211 3557 legetur
228 3493 336 3545 sucrum
360 3492 473 3548 veroum,
509 3490 646 3558 Postquam
682 3488 789 3540 bonomo
814 3487 907 3554 chrys.
932 3487 999 3540 idom
1024 3504 1082 3541 osso
1109 3485 1220 3540 credidit

110 3576 287 3631 eninrcwtit
304 3575 547 3641 veronensium,
565 3575 602 3626 sic
618 3587 648 3625 eo
681 3587 710 3624 oc
736 3568 830 3625 solco
841 3586 876 3624 rs
901 3576 975 3636 caput
997 3572 1126 3639 serpentis
1144 3572 1219 3638 eiquo

111 3661 248 3726 explanat:
273 3658 331 3714 Koi
347 3654 400 3726 γάρ
420 3655 561 3724 τοσαύτην
579 3654 649 3710 ieri·
681 3661 808 3728 perpetuo
841 3657 1004 3723 incumbere,
1036 3658 1093 3725 quis
1121 3654 1220 3710 dubita

110 3763 150 3812 αφ
165 3741 217 3811 μὲν
232 3741 345 3811 παρέξω
361 3741 413 3811 τήν
428 3739 516 3808 ἰσχύι,
536 3737 574 3802 oie
586 3742 649 3807 διη-
682 3757 741 3794 eum
758 3741 854 3805 legisse
873 3736 993 3807 τεισήσιι
1001 3741 1033 3793 1“

109 3831 198 3891 usudc
223 3827 384 3884 ἐπικεῖσθαι
409 3829 444 3896 τῇ
468 3828 503 3896 σῇ
528 3826 648 3895 κεφαλῇ,
751 3824 795 3877 13.
814 3819 902 3894 εἶπεν]
924 3825 1003 3894 Vso.;
1022 3824 1090 3892 vulg.
1109 3818 1179 3879 sino.

112 3912 143 3969 cb
161 3911 192 3969 bb
210 3919 270 3977 scic
290 3912 400 3969 insieco
424 3910 508 3965 acciu
533 3906 648 3964 inousi-
752 3908 794 3961 14.
819 3906 849 3963 iu
874 3905 949 3978 tiron
973 3947 1031 3965 ...
1055 3910 1128 3977 ζωῆς
1152 3905 1217 3973 corr]

111 4003 192 4055 abac.
224 4001 310 4068 Atque
328 3998 353 4051 id
368 3996 503 4066 praecipue
517 3994 648 4063 impletum
683 3996 753 4048 Hocc
777 3995 855 4047 sorbo
878 3995 962 4048 omnio
985 3994 1120 4062 Humphry
1145 4005 1219 4044 mon-

110 4085 284 4154 inspirituali
307 4086 429 4153 serpente
446 4081 537 4151 probat
558 4094 590 4133 ox
609 4080 649 4134 his
683 4078 746 4132 (lose
766 4080 859 4133 omisit.
