2836 4852
149 269 213 336 314
453 267 674 334 rusorum
694 269 945 333 uolumenum

149 445 286 506 familias
307 444 398 505 deum
419 445 540 521 patrem
560 443 730 521 siguificat,
751 443 944 520 plantantem
964 442 1104 521 vineam,
1132 443 1256 505 scilieet

148 556 300 635 populum
317 554 435 631 lsrael,
466 571 544 630 sepe
566 554 821 629 circumdantem,
840 551 1065 629 prophetarum
1086 554 1256 630 praediea-

149 666 287 726 tionibus
309 665 510 739 munientem,
531 663 702 723 fodientem
724 663 878 739 toraular,
900 663 1084 738 patientiam
1104 664 1256 724 volunta·

150 775 193 835 tis
220 777 255 834 et
282 775 460 834 devotionis
488 775 774 852 perseverantiam:
804 773 857 834 ubi
879 789 938 848 per
960 773 1074 848 lignum
1098 774 1201 832 erneis
1222 776 1257 832 et

150 885 287 962 lapidem
310 885 490 962 angularem
512 883 643 944 affluere
672 883 789 943 faciant
811 882 965 959 spiritalis
987 880 1160 943 dulcedinis
1181 882 1256 943 fon·

151 997 223 1055 tem.
261 994 304 1055 El
324 993 501 1074 aedificavit
524 1001 644 1063 turrem,
666 994 799 1070 gloriam
822 1010 909 1053 suam
930 995 964 1052 et
985 993 1180 1053 altitudinem
1203 994 1255 1053 di-

152 1105 244 1165 vinae
273 1105 372 1181 legis,
404 1105 444 1163 ad
473 1120 564 1179 quam
594 1103 752 1181 evangelii
772 1101 1256 1181 praedieationeconsuenditur,

151 1222 183 1276 et
205 1215 317 1276 locavit
332 1217 453 1279 *ameum
475 1211 630 1292 amicalis,
655 1214 759 1274 idest
781 1208 961 1273 doatoribus
983 1213 1065 1291 legis
1087 1231 1256 1274 1111111111·-

152 1325 290 1385 dotibus.
315 1325 391 1393 ¹Qui
412 1324 584 1403 interfectis
605 1324 713 1400 1111111,
741 1323 772 1382 id
795 1325 846 1382 est
866 1323 1033 1401 prophetie
1056 1325 1257 1402 exigentibus

152 1435 193 1495 ab
213 1435 259 1493 eis
282 1433 415 1495 fructum
435 1433 574 1493 iustitiae
595 1434 748 1511 fideique,
775 1451 837 1510 per
865 1451 950 1511 quos.
974 1435 1105 1494 eredere
1135 1436 1257 1495 debue-

151 1547 224 1606 rant
244 1545 276 1603 in
298 1544 464 1603 adveutum
485 1544 542 1602 lilii
564 1544 632 1620 dei,
662 1544 740 1604 1111111
758 1551 950 1624 peremerunt
973 1547 1120 1621 putantes
1142 1549 1256 1606 neeato

152 1671 192 1714 eo
213 1671 248 1714 se
269 1653 497 1713 haereditatem
519 1654 621 1730 patris
642 1670 738 1730 posse
761 1654 888 1714 lucrari.

154 1783 157 1790 ’
238 1757 269 1797 ³³
282 1764 343 1834 Qui
364 1762 454 1824 dubet
478 1763 601 1823 dabitur
621 1760 689 1822 illi:
711 1740 811 1823 ⁴verbi
840 1756 944 1840 gratiai
971 1765 999 1823 si
1020 1766 1121 1826 fidem
1134 1765 1255 1825 habeus

152 1874 337 1935 eharitatem
365 1890 427 1933 non
449 1872 562 1950 habet,
591 1872 684 1933 etiam
706 1874 799 1933 eadet
821 1874 938 1951 elide,
968 1892 1058 1950 quam
1080 1892 1116 1936 se
1139 1874 1256 1936 habere

152 1984 339 2045 credebat(

239 2093 397 2162 Quomodo
427 2092 570 2151 salvalor
598 2091 765 2152 seeundum
796 2091 947 2155 hominem
977 2099 1107 2157 evectus
1136 2099 1185 2157 est
1214 2098 1255 2156 ad

152 2203 277 2265 eoelum
297 2203 353 2262 aut
372 2201 526 2276 quomodo
548 2202 668 2262 eoelum
690 2202 881 2278 permittitur
903 2208 1037 2284 sanatis,
1064 2224 1132 2267 eum
1155 2208 1255 2266 dicat:

153 2309 186 2350 ²⁴
194 2312 292 2374 Nemo
313 2311 451 2372 ascendit
472 2314 505 2371 in
529 2310 644 2372 eoelum
665 2313 725 2371 oiri
745 2314 797 2392 qui
819 2312 858 2374 de
875 2313 962 2376 coelo
980 2316 1151 2388 descondit,
1173 2317 1256 2398 filiun

152 2424 285 2485 dominis
307 2424 359 2503 qui
381 2430 425 2484 est
446 2424 479 2482 in
500 2421 608 2483 coelo?
650 2422 714 2482 Aut
737 2425 890 2498 quomodo
912 2427 944 2485 in
965 2428 1056 2488 coelo
1079 2429 1167 2505 erat,
1188 2446 1255 2488 oum

152 2535 254 2596 adhue
277 2535 363 2594 esset
384 2534 416 2592 in
438 2533 550 2593 terrai
589 2532 753 2592 Sciendum
775 2537 824 2593 est
847 2537 931 2611 quod
946 2538 1113 2598 seeundum
1131 2555 1255 2599 earnem

153 2644 186 2704 in
206 2646 293 2704 terra
315 2645 401 2720 erat,
423 2643 590 2703 seeundum
614 2643 761 2703 deitatem
783 2645 815 2703 in
837 2646 928 2705 eoelo
950 2664 1011 2705 uon
1033 2649 1159 2706 deerat:
1181 2648 1255 2706 idee

124 2810 125 2813 ,
152 2757 188 2815 et
208 2755 278 2832 ipse
298 2754 440 2813 aseendit
467 2755 520 2829 qui
549 2753 727 2830 deseendit,
756 2755 844 2831 quia,
871 2756 947 2815 licet
968 2755 1058 2817 homo
1080 2757 1183 2818 faetus
1202 2758 1257 2835 sit,

152 2880 217 2924 uon
244 2865 347 2923 tamen
376 2862 454 2922 deus
481 2879 554 2923 esse
584 2863 715 2923 destitit.
767 2857 797 2896 ³⁵
806 2864 891 2923 Idem
920 2867 970 2924 est
996 2882 1074 2944 ergo
1101 2866 1194 2926 homo
1224 2868 1259 2926 et

153 2977 249 3054 dens,
276 2975 310 3034 id
338 2975 388 3034 est
410 2971 570 3034 Christus
587 2991 647 3033 una
676 2990 813 3050 persona
835 2977 894 3035 est.
936 2973 978 3035 Et
999 2977 1120 3054 utique,
1151 2971 1258 3038 ³⁶oum

153 3088 211 3147 ille
231 3087 273 3147 sit
293 3085 403 3162 eaput,
431 3084 532 3142 saneti
559 3086 662 3144 autem
690 3085 753 3143 sint
779 3086 916 3145 membra
938 3087 1035 3164 eiusp
1052 3103 1184 3147 neeesse
1207 3087 1257 3146 est

153 3199 190 3258 ut
211 3212 377 3272 sequamur
402 3192 539 3252 membra
570 3193 638 3252 eius
667 3210 728 3269 quo
758 3198 853 3271 eaput
880 3197 1072 3274 praecessit,
1100 3198 1136 3256 ut
1161 3197 1259 3257 sitin

154 3306 245 3367 eoelo
266 3304 385 3364 Christi
406 3303 550 3378 eorporis
573 3301 745 3378 plenitudo.
791 3299 901 3366 ”Non
916 3307 1001 3367 anim
1023 3305 1067 3366 ad
1090 3281 1258 3368 menarum

156 3414 213 3474 dot
235 3412 308 3473 deus
329 3412 480 3492 spiritam.
524 3410 590 3470 lloe
620 3412 659 3471 de
686 3412 752 3472 lilio
774 3417 903 3492 proprie
932 3417 1169 3493 intelligendum
1197 3419 1259 3494 est,

155 3525 187 3584 in
209 3540 270 3599 quo
300 3525 350 3582 est
378 3516 578 3598 ³⁸plenituuo
607 3522 797 3595 divinitatis3
826 3543 895 3584 nam
921 3524 1062 3586 homines
1089 3529 1258 3588 seeundum

154 3650 329 3695 mensuram
352 3633 508 3711 accipiunt
529 3632 661 3709 gratiam
683 3635 812 3711 spiritus
833 3636 941 3695 saneti.

242 3738 271 3777 ³⁹
281 3739 425 3805 Arborum
454 3744 511 3823 fici
539 3742 663 3824 quidam
690 3743 797 3805 habuit
820 3742 996 3824 plantatum
1021 3749 1054 3807 ia
1080 3747 1169 3808 vinea
1191 3767 1259 3808 aaa.

206 3893 249 3947 33.
269 3893 322 3958 Qui
340 3893 400 3961 ote]
421 3893 524 3959 Lue.8,
542 3893 585 3946 18.
775 3891 818 3949 36.
839 3911 895 3948 eum
914 3894 976 3964 eto]
996 3896 1092 3967 Ephes.
1111 3893 1137 3962 l,
1156 3895 1198 3948 15.

129 4018 131 4024 ·
207 3979 250 4034 31.
268 3978 349 4031 Nemo
368 3976 430 4045 eta]
449 3978 640 4048 Ioann.3,13.
774 3979 893 4034 33111111
912 3981 974 4051 ele]
993 3982 1081 4035 loaun.
1100 3981 1125 4045 3,
1143 3980 1187 4034 31.

207 4064 338 4120 33111111
363 4100 418 4117 ...
441 4079 490 4116 una
508 4080 618 4131 persona
636 4063 688 4132 est]
774 4066 816 4118 38.
834 4067 903 4134 plen.
924 4067 985 4138 diu]
1007 4068 1064 4120 Col.
1082 4067 1108 4134 2,
1127 4066 1153 4120 9.

156 4152 204 4206 llis
228 4153 312 4206 verbis
336 4149 471 4221 perspicue
489 4150 689 4205 Nestoriauismo
775 4150 818 4206 39.
835 4153 962 4207 Auderem
979 4151 1040 4221 eto]
1059 4153 1120 4206 Luc.
1140 4152 1182 4220 13,
1201 4155 1229 4208 6.

158 4237 313 4292 eonlradicil.
