2836 4852
452 309 835 384 PROLEGOMENA.
1135 331 1199 380 xix

92 498 179 568 olim
205 498 324 590 2040,
349 493 480 567 Oxonii
501 499 539 568 in
565 498 794 569 Bibliotheca
818 497 1020 569 Bodleiana
1049 496 1198 587 reposi-

91 629 150 692 tus
168 624 283 712 (auct
299 621 341 691 E.
360 625 393 691 1.
412 624 494 715 11),
520 623 751 717 chartaceus,
776 646 822 695 ox
846 625 977 695 charta
998 622 1196 713 laevigata,

89 747 258 841 infolio,
285 747 457 818 foliorum
480 751 571 843 286,
607 751 706 819 circa
733 751 891 821 medinm
914 750 1102 819 saeculum
1128 748 1197 816 de-

90 871 220 942 cimum
256 874 418 961 quintum
458 880 632 943 exaratus
666 896 776 944 manu
812 873 964 964 Georgii
999 873 1198 963 cuiusdam,

90 997 193 1067 cuius
224 1001 351 1087 plures
385 1000 530 1068 codices
559 1000 641 1068 rusti
666 999 702 1069 in
731 1000 796 1070 illa
823 997 1057 1068 Bibliotheca
1084 1016 1199 1086 repe·

87 1121 251 1216 riantur,
287 1121 381 1192 haec
418 1123 500 1214 ipsa
535 1145 629 1214 quae
667 1126 703 1193 in
741 1125 867 1194 codice
900 1124 1045 1193 Veneto
1077 1121 1201 1189 insunt

88 1247 229 1336 scripta
254 1249 430 1339 (excepto
454 1249 627 1340 Gregorii
649 1249 922 1338 Antirrhetico)
947 1246 1201 1337 complectitur

87 1372 219 1440 eodem
244 1374 391 1443 ordine:
421 1375 469 1442 1⁰.
496 1373 688 1444 Eusehii
716 1375 811 1442 Adu,
839 1372 1056 1442 Marcellum
1082 1372 1201 1441 libros

84 1493 122 1563 Π
152 1495 216 1563 fol.
241 1498 285 1564 1:
321 1498 483 1580 Εόσεβίου
512 1501 572 1565 τοῦ
600 1502 772 1586 παμφίλου
799 1503 864 1563 τόν
894 1498 978 1563 aurci
1007 1497 1199 1583 μαρκὲλλου,

85 1621 148 1684 coci
176 1617 318 1705 οἷγκόρας
347 1618 547 1704 ἐπισκόπου,
578 1621 671 1704 λόγος
693 1621 733 1685 α’.
786 1619 834 1688 20.
860 1617 1078 1687 Eiusdem
1103 1617 1200 1686 Adv.

86 1737 305 1808 Marcellum
336 1742 383 1809 de
413 1741 603 1830 theologia
630 1744 881 1813 ecclesiastica
910 1742 1028 1811 libros
1049 1739 1116 1832 lll,
1139 1740 1207 1810 in-·

89 1864 248 1952 scriptos
273 1863 447 1956 FlaciIIO,
473 1864 537 1934 fol.
560 1867 629 1935 38:
662 1875 717 1956 Τρῖ
745 1869 928 1957 τιμιωτάτῳ
957 1876 1014 1933 καὶ
1042 1866 1200 1953 ἀγαπητῷ

87 1991 318 2078 συλλειτουργῷ
341 1992 504 2078 φλακίλλφ
521 1989 663 2073 εόσέβιος
680 1992 716 2056 ἕν
730 1997 826 2079 κυρίῳ
840 1997 973 2075 χαίρειν.
1018 1985 1066 2056 30.
1089 1986 1198 2057 Ori-

87 2112 223 2201 genis
254 2111 447 2201 Dialogurn
473 2118 602 2181 contra
629 2110 869 2182 Marcionitas
895 2112 959 2182 fol.
986 2114 1081 2182 122:
1112 2113 1198 2200 Ὠρι-

85 2242 197 2322 νένους
225 2239 374 2322 διάλογος
403 2241 487 2305 κατα
508 2245 750 2326 μαρκιανιστοῖν
775 2238 875 2327 [sic].
926 2237 1076 2340 Incipit:
1113 2237 1197 2305 Διό-

83 2363 195 2440 λεκτος
224 2361 431 2446 οἷόαμαντίου
460 2369 519 2430 τοῦ
547 2373 604 2430 καί
633 2363 803 2449 ω’ριγίνους
824 2373 895 2451 περὶ
914 2366 1000 2432 κτλ,
1032 2359 1081 2431 40.
1104 2360 1197 2431 Za·

85 2482 301 2555 chariae
333 2484 581 2580 Ammonium,
618 2487 824 2576 praemisso
859 2492 1095 2578 argumento,
1131 2486 1195 2556 fol.

84 2609 177 2678 183:
208 2617 386 2697 Ζαχαρίου,
410 2617 622 2695 σχολαστιαοῦ
642 2617 832 2701 χριστιανοῦ
852 2618 912 2678 τοῦ
926 2618 1099 2695 γενομένου
1112 2613 1196 2694 perol

82 2732 189 2794 ταῦτα
215 2729 396 2796 ἐπισκόπου
425 2729 618 2816 μιτυλήνης,
650 2729 840 2812 όόιόλογος
862 2726 1030 2810 duodone
1057 2728 1108 2795 ὅτι
1124 2729 1193 2820 ατί..

84 2840 134 2912 5⁰.
155 2828 344 2923 Aeneae
361 2843 690 2937 Theophrastum,
726 2844 929 2934 praemisso
964 2832 1193 2936 argumento,

83 2967 148 3037 fol.
172 2970 265 3039 213:
292 2975 426 3040 Αἰνείου
454 2975 613 3061 σοφιστοῦ
639 2972 788 3056 όιόλογος
816 2970 1025 3060 θεόφραστος
1055 2971 1106 3039 ὅτι
1126 2970 1193 3038 κτλ.

83 3089 131 3162 60.
158 3093 417 3184 Theophili
448 3093 507 3164 Ad
532 3093 756 3186 Autolycum
780 3095 897 3165 libros
924 3099 1001 3162 tres
1027 3092 1091 3161 fol.
1116 3092 1192 3161 243

81 3191 234 3292 -2361
266 3224 487 3308 Θεοφίλου
516 3223 619 3306 πρός
651 3222 894 3290 αότόλυκον.
946 3217 988 3286 ln
1010 3216 1083 3286 fine
1105 3216 1192 3287 libri

81 3345 233 3414 secundi
256 3342 362 3413 huius
393 3340 516 3432 operis
542 3343 680 3434 legitur
707 3349 745 3414 τὸ
768 3347 935 3431 δεύτερον,
966 3343 1064 3411 tertii
1088 3342 1192 3412 initio

80 3474 119 3538 τό
147 3457 278 3558 τρίτον,
313 3469 351 3537 iu
382 3471 505 3539 calce:
548 3473 707 3560 Θεοφίλου
745 3470 823 3556 πρός
855 3466 1049 3536 αότόλυκον.
1088 3472 1191 3548 τέλος.

83 3594 179 3663 Sane
202 3593 262 3663 hio
284 3595 401 3663 codex
421 3595 532 3663 valde
557 3593 737 3663 consentit
756 3613 835 3661 cum
859 3591 1024 3660 Veneto:
1050 3612 1096 3661 ex
1119 3612 1191 3680 quo

81 3719 288 3818 descriptus
315 3719 435 3788 videri
463 3719 599 3810 possit,
633 3719 684 3788 ita
714 3723 850 3809 tamen,
883 3721 924 3784 ut
951 3716 1073 3786 scriba
1098 3717 1192 3786 istas

80 3843 305 3913 correctoris
328 3844 547 3914 mutationes
569 3843 756 3932 reciperet
777 3843 857 3913 fere
883 3862 1008 3911 omnes
1032 3843 1191 3932 passim-

81 3989 153 4056 que
178 3968 271 4039 alias
297 3970 475 4039 lectiones
500 3971 666 4041 consulto
692 3973 755 4037 aut
776 3968 1028 4056 imprudenter
1052 3964 1189 4035 admit-

79 4097 187 4164 teret.
240 4093 394 4182 Aliquot
425 4094 504 4162 eius
538 4094 744 4184 scripturae
769 4093 806 4161 in
833 4093 994 4161 editione
1021 4089 1188 4158 Felliana

79 4237 111 4287 a.
132 4218 233 4289 1684
254 4225 590 4310 repraesentantur.
636 4218 713 4289 Sed
733 4224 904 4289 accurate
926 4237 1008 4286 eum
1023 4213 1188 4297 ‘'l'heo-

905 4343 928 4409 b
938 4339 960 4383 a
