2836 4852
217 240 280 310 308
525 244 743 309 euboeam
760 245 1011 310 Anulocflstu
1055 288 1059 295 -
1113 266 1131 301 ·'
1187 268 1191 281 ’
1310 333 1313 339 ¹

217 419 269 480 dis
295 417 428 479 duritia:
459 417 499 477 de
527 392 639 494 quibus
666 418 830 479 suscitavit
857 412 1034 498 apostolos.
1085 418 1145 479 Vel
1165 421 1248 495 quia
1279 422 1322 483 da

216 529 362 606 gentibus
391 529 547 604 martpues
578 530 758 588 extiterunt.
803 523 891 589 ³Iom
919 531 1029 590 secaris
1057 529 1100 589 ad
1121 529 1243 590 radices
1265 553 1322 591 or-

217 638 320 698 borum
345 638 453 716 posita
479 644 533 697 est.
578 637 724 698 Seeurem
752 655 812 716 pro
842 657 934 698 ernee
964 640 1024 715 ait,
1056 641 1105 698 eui
1134 641 1245 701 similis
1268 646 1322 701 est

215 763 275 825 per
296 747 501 823 manubrium
524 765 594 807 uam
615 749 748 807 arbores
771 766 829 825 pro
853 749 1044 826 martyribus
1067 751 1122 808 ait.

216 905 219 911 .
302 851 423 917 ⁴Nemo
445 856 590 918 accendit
612 856 762 918 lucernam
784 867 813 917 et
831 860 924 938 ponit
946 878 1010 918 eum
1030 860 1081 920 snb
1100 859 1214 918 medie.
1253 859 1320 921 Lu·

217 983 313 1028 eerna
334 965 477 1027 Christus
506 969 555 1025 est
579 968 646 1027 sive
676 968 729 1027 lex
760 969 865 1027 divina
893 968 1068 1027 illuminans
1089 985 1146 1028 eor
1169 971 1321 1047 nostrum,

218 1076 351 1137 modium
373 1092 432 1153 pro
455 1075 563 1136 seenlo
585 1077 638 1153 ait,
662 1075 880 1137 candelabrum
901 1079 1072 1160 auotoritas
1093 1080 1238 1139 veritatis
1260 1084 1321 1158 est,

217 1186 299 1246 unde
322 1189 449 1263 oportet
468 1202 526 1245 nos
547 1185 692 1245 mandata
712 1184 830 1245 Christi
851 1203 912 1245 non
933 1188 1037 1247 eelare
1052 1189 1107 1248 sed
1122 1188 1225 1266 palam
1241 1207 1322 1267 pro-

217 1296 310 1373 dere,
338 1301 371 1355 ut
392 1296 517 1355 lueeant
537 1312 636 1372 opera
657 1298 766 1354 nostra
788 1297 929 1371 omnibns
952 1297 1005 1372 qui
1036 1291 1091 1356 ⁶e'n
1115 1297 1207 1358 domo
1227 1303 1320 1377 sunt,

216 1406 251 1466 id
272 1408 322 1465 est
343 1406 375 1464 in
395 1405 538 1466 eeclesia.

256 1520 260 1524 ’
304 1509 408 1576 ⁶lesen
428 1511 569 1586 ,aseendit
590 1515 623 1574 io
644 1524 783 1585 arentem,
806 1517 840 1575 id
862 1518 911 1575 est
935 1517 966 1574 in
987 1517 1180 1577 maiestatem
1204 1521 1319 1596 patris,

218 1634 248 1686 et
268 1623 452 1685 oultnseiue
473 1625 646 1685 immutatae
667 1633 727 1699 eet,
755 1627 877 1686 seilicet
898 1626 1015 1685 maiore
1036 1628 1084 1685 sui
1103 1627 1227 1687 luminis
1249 1631 1320 1690 ela-

217 1736 330 1813 ritate,
359 1751 398 1794 ne
421 1736 460 1795 de
480 1736 550 1812 ipso
571 1735 674 1794 adbue
695 1735 840 1811 diseipuli
862 1735 1070 1795 dubitarent·
1094 1735 1170 1796 Nam
1193 1739 1320 1800 dixerat

216 1848 326 1907 saneto
341 1845 454 1904 Petro:
481 1838 665 1920 7,Μοιίἰοιιο
685 1844 768 1921 fidei,
791 1861 889 1920 quare
908 1845 1057 1903 dubitasti
1067 1845 1103 1903 t“
1133 1846 1196 1905 Par
1210 1856 1319 1910 vestem

216 1971 294 2021 vero
314 1954 414 2032 ipsius
435 1950 629 2032 splendidam
652 1953 891 2029 assumptionem
913 1957 1090 2015 sanctorum
1110 1955 1244 2016 futuram
1266 1960 1318 2018 in-

213 2065 318 2139 dieat‚
348 2079 407 2140 per
429 2063 490 2122 trio
511 2063 591 2122 enim
613 2060 806 2124 tabernacola
826 2064 998 2123 triduanam
1018 2065 1125 2125 tumuli
1148 2063 1318 2128 habitatio-

183 2209 187 2215 ·
215 2189 288 2234 uem
308 2172 447 2231 ostendit
466 2172 535 2232 sive
554 2173 704 2232 trinitatis
727 2173 866 2249 figuram.

230 2320 232 2324 ,
258 2336 261 2344 .
302 2278 409 2353 ⁸Qnie
431 2283 511 2342 siin
536 2282 618 2365 Tpro
640 2289 669 2342 et
691 2281 809 2344 Sidone
827 2285 934 2362 foetae
955 2285 1083 2364 fuissent
1101 2285 1226 2346 uirtutes
1241 2307 1319 2367 quae

217 2396 251 2456 ιἰι
269 2393 352 2454 tobis
372 2396 480 2472 saetae
501 2398 578 2452 sent.
622 2373 705 2452 Cum
720 2393 806 2452 dieat
823 2393 968 2452 salvator
985 2395 1099 2471 Tyrum
1121 2397 1153 2453 et
1171 2394 1318 2458 Sidonem

217 2505 443 2585 poenitentiam
474 2518 569 2580 agere
598 2502 739 2578 potuisse
769 2502 797 2561 si
824 2503 856 2571 in
885 2504 932 2562 eis
952 2503 1124 2562 divinarum
1148 2507 1318 2581 apparuis-

217 2618 290 2679 sent
311 2615 402 2692 signa
422 2615 581 2688 virtutum,
601 2627 671 2670 nona
685 2614 856 2690 eapropter
876 2613 942 2672 illie
963 2611 1047 2671 faeta
1069 2627 1129 2671 non
1152 2616 1224 2673 sunt
1244 2617 1319 2691 quia

207 2727 350 2798 ¹salutem
372 2725 507 2785 tuissent
527 2715 728 2782 erodentibus
748 2723 901 2799 allatura,
930 2723 988 2782 sed
1015 2722 1087 2798 quia
1111 2722 1251 2784 dominus
1280 2742 1318 2786 ae

217 2836 361 2897 salvator
389 2849 448 2911 pro
471 2832 576 2893 divina
598 2821 832 2908 dispensatione
853 2848 915 2890 oon
935 2834 1068 2892 venerat
1088 2833 1149 2891 uisi
1169 2834 1211 2892 ad
1239 2850 1318 2894 oves

218 2958 298 3022 quae
320 2944 483 3022 perierant
508 2939 615 3002 domds
637 2940 745 3000 Israel.
788 2939 829 2999 Et
852 2942 926 3016 quid
947 2944 997 3001 est
1018 2937 1124 3023 ⁹qaed
1144 2927 1209 3002 aon
1228 2962 1318 3004 aene·

216 3061 269 3116 rat
293 3055 353 3114 nisi
381 3052 425 3113 ed
452 3071 519 3112 ovea
550 3071 627 3132 qnae
652 3051 812 3130 perierant
841 3049 946 3112 domne
972 3050 1087 3113 Israel?
1118 3032 1209 3121 ’Quia
1233 3055 1318 3113 inter

217 3165 356 3240 reliquas
380 3178 602 3238 usquequaque
624 3161 765 3220 nationes
788 3161 1091 3236 specialiter-Israel
1113 3179 1203 3222 unum
1225 3164 1318 3222 deum

218 3274 332 3350 coluit,
354 3275 463 3347 atque,
492 3273 526 3328 ut
547 3271 590 3327 ita
614 3269 762 3346 dixerim,
790 3271 960 3347 peculiaris
984 3261 1069 3331 iliius
1091 3273 1224 3350 populus
1246 3273 1318 3350 fuit,

217 3382 257 3443 ob
277 3377 387 3442 merita
404 3379 552 3440 Abrahae
566 3378 697 3438 Davidis
714 3380 958 3452 eteueterorum
978 3378 1226 3461 patriarcharum
1244 3383 1317 3459 qui·

212 3493 274 3554 bus
291 3490 434 3553 Christus
455 3489 584 3568 proprie
605 3486 815 3566 repromissus
836 3493 894 3569 est,
916 3497 1009 3568 atque
1026 3509 1066 3551 ex
1084 3466 1191 3550 eornm
1214 3493 1316 3570 stirpe

215 3602 408 3664 'deseendeus
438 3600 511 3661 inda
539 3599 639 3678 ipsam
670 3593 792 3660 earnem
824 3601 854 3660 in
884 3619 942 3677 qua
973 3601 1067 3662 terris
1091 3601 1238 3689 apparuit
1260 3618 1316 3662 as-

255 3841 289 3896 a
308 3842 367 3895 iem
384 3840 444 3908 eto]
457 3840 524 3894 Lue.
541 3840 566 3908 3,
585 3840 611 3895 9.
830 3841 855 3895 7.
873 3842 986 3895 tiodiem
1060 3842 1192 3910 dubitasti]
1220 3844 1312 3900 biattb.

262 3927 294 3983 t.‘
305 3928 388 3983 Nema
406 3925 469 3994 ete]
489 3926 551 3981 Lue.
569 3927 596 3995 8,
614 3924 656 3980 16.
777 3927 820 3994 14,
838 3927 879 3980 31.

262 4014 339 4071 ene
356 4012 442 4080 domo]
462 4013 552 4064 Mettb.
571 4013 657 4079 5,15.
826 4012 851 4064 8.
872 4014 941 4078 Qoto
959 4011 1020 4080 ete]
1040 4012 1102 4065 Lue.
1121 4011 1164 4079 10,
1183 4012 1225 4065 13.

264 4098 290 4153 6.
305 4100 382 4153 deses
400 4094 461 4163 eto]
487 4097 577 4150 Mettb.
595 4097 636 4165 17,
655 4095 741 4150 1-4.
820 4096 852 4154 a
872 4100 941 4166 quon
959 4098 1127 4165 ete.]'b1atth.
1144 4097 1187 4165 15,
1205 4096 1250 4150 24.

208 4181 279 4239 idem
297 4185 411 4241 scholion
431 4183 518 4274 est'in
535 4183 578 4236 tib.
598 4183 617 4235 1.
635 4199 660 4237 u.
680 4182 739 4237 124.
