2836 4852
266 274 643 340 commddrdmouom
662 276 706 336 IN
726 273 965 337 avallonem
985 275 1063 338 LlB.
1083 276 1137 339 lll.
1188 274 1251 344 315

151 449 238 527 Apta
265 465 448 527 synagogae
478 450 602 510 arboris
630 449 722 510 istius
751 449 943 527 comparatio
972 451 1038 509 este
1071 451 1144 527 quia
1172 453 1253 512 sieut

152 559 209 618 illa
237 560 349 636 arbor,
373 559 461 619 foliis
488 560 667 620 redundans
695 558 912 636 affluentibus,
941 575 1028 635 spem
1055 562 1251 635 possessoris

153 670 202 730 sui
224 686 314 729 cassa
334 672 530 746 speratorum
548 671 753 747 proventuum
776 668 1012 745 exspectatione
1034 669 1185 746 destituit,
1206 673 1252 732 ito

152 780 247 840 ctiam
268 780 300 839 in
321 794 485 858 synogoga
507 780 653 840 doctores
671 780 744 839 ¹eins
766 779 915 856 operibus
938 777 1117 839 infoecundi
1138 781 1253 840 divinis

153 890 262 950 verbis
282 893 416 968 tantum,
437 890 524 949 velut
546 888 631 949 foliis
653 889 915 966 redundantibus,
938 888 1128 965 gloriantur;
1149 891 1253 950 inania

152 1000 252 1060 verba
273 1000 355 1077 legis
377 1000 566 1077 exuberant,
588 1017 663 1077 spes
684 1001 787 1059 autem
809 998 884 1057 falsi
906 1000 1090 1075 exspectata
1110 1016 1252 1076 proven-

152 1109 203 1170 tos
225 1111 334 1187 populi
361 1111 437 1170 vota
463 1110 620 1170 credentis
641 1109 755 1169 illudit.
799 1103 917 1170 ⁴⁰Iicce
936 1107 1041 1169 mulier
1062 1129 1139 1190 quoe
1160 1109 1254 1171 lecde-

153 1220 206 1281 dot
225 1222 364 1300 spiritum
385 1220 574 1300 infirmitatis
602 1221 689 1280 conis
702 1219 823 1281 ¹decena
854 1227 884 1281 ct
906 1228 996 1288 octo,
1024 1226 1054 1280 ct
1075 1227 1141 1280 erut
1163 1219 1254 1281 incli-

152 1336 237 1390 nclu.
287 1331 322 1390 ln
351 1332 482 1392 muliero
506 1332 628 1390 inlirma
658 1332 708 1389 est
739 1330 839 1407 figora
871 1330 1043 1405 ecclesiae,
1076 1346 1156 1404 quae
1185 1346 1253 1390 cum

152 1457 326 1501 mensuram
355 1441 454 1517 legis,
484 1442 517 1499 in
544 1456 605 1515 qua
635 1441 685 1498 est
713 1440 898 1516 decalogus,
929 1441 961 1497 et
989 1441 1253 1502 resurrectionem

154 1549 290 1628 christi,
318 1550 351 1608 in
380 1566 441 1624 qua
468 1544 581 1609 ⁴¹octo
604 1548 815 1608 beatitudines
838 1549 1150 1626 sunt,‘implevcrit,
1181 1553 1254 1611 tunc

154 1658 295 1727 sadduco,
325 1659 430 1718 idest
455 1659 558 1733 quiete
579 1660 750 1735 perpetua,
779 1657 978 1735 perfruetur,
1008 1661 1040 1717 et
1058 1659 1099 1718 -in
1120 1661 1254 1721 sublime

153 1776 255 1829 crecta
276 1768 434 1844 fastigium
456 1767 685 1827 inclinationem
705 1770 833 1827 nostrae
855 1769 1042 1827 infirmitatis
1058 1771 1176 1830 sentire
1191 1788 1254 1831 non

153 1879 278 1957 poterit.
320 1878 396 1938 ldeo
419 1879 521 1938 autem
543 1880 651 1938 curata
671 1879 722 1937 est
742 1876 822 1939 haec
841 1878 968 1954 mulier,
999 1879 1031 1938 id
1051 1881 1101 1938 est
1118 1881 1254 1956 populus

152 1989 357 2066 christianus,
386 1985 457 2065 quia
488 1990 521 2048 et
547 1987 650 2065 legem
669 1987 812 2064 implevit
839 1990 873 2048 et
901 1989 1044 2067 percepit
1071 1990 1202 2069 gratiam
1224 1992 1256 2052 in

153 2100 300 2177 lavacro,
329 2116 389 2176 per
418 2099 501 2175 quod
529 2099 675 2159 morimur
701 2098 809 2158 seculo
837 2099 871 2156 et
896 2099 1088 2176 resurgimus
1111 2098 1255 2178 Clnrist03

154 2226 224 2269 nam
246 2209 277 2267 in
300 2209 406 2268 decem
427 2209 535 2268 verbis
564 2209 645 2285 legis
668 2208 823 2286 perfectio
845 2209 909 2286 est,
937 2209 969 2267 in
991 2212 1103 2269 octavo
1125 2227 1253 2274 numero

154 2319 395 2379 resurrectionis
418 2319 468 2377 est
488 2319 662 2395 plenitudo.

239 2421 349 2488 ωΝοη
368 2428 465 2489 bidem
487 2426 600 2488 amodo
624 2425 663 2487 dc
684 2425 742 2486 tce
764 2426 915 2506 genimine
936 2428 1005 2492 citio
1019 2431 1157 2509 usquein
1173 2431 1255 2492 diem

155 2539 240 2600 illum
268 2559 335 2599 cum
362 2536 442 2599 illud
469 2537 566 2598 bidom
596 2536 745 2597 vobiscum
775 2537 807 2596 io
836 2555 932 2616 cepoe
956 2540 1059 2616 petris
1081 2541 1148 2599 mei.
1192 2542 1255 2602 Per

155 2666 283 2728 germen
310 2649 385 2709 vitis
411 2647 559 2724 populum
582 2646 736 2724 significat
760 2644 960 2724 ludaeorum,
991 2663 1081 2723 quem
1103 2653 1198 2727 negat
1220 2669 1256 2713 se

155 2749 229 2819 esse
253 2759 482 2836 assumpturum
509 2756 571 2816 nisi
598 2755 636 2814 in'
651 2771 750 2834 regno
772 2757 960 2834 patrissui,
990 2755 1051 2818 hoc
1072 2761 1123 2819 cst
1144 2761 1205 2820 nisi
1225 2762 1257 2820 in

156 2868 218 2928 lide
249 2867 348 2945 ipsius
377 2866 578 2928 crediderint.
629 2863 672 2924 Et
700 2867 913 2943 appellatione
941 2868 1042 2944 patris
1076 2887 1112 2930 se
1142 2873 1258 2932 asserit

156 2978 262 3054 filium,
283 2976 356 3052 quia
376 2978 470 3055 pater
489 2992 552 3034 non
574 2975 686 3036 dicitur
706 2976 768 3035 nisi
786 2976 906 3036 habens
921 2977 1033 3054 filium,
1055 2995 1113 3057 per
1127 2966 1256 3058 regnum

155 3088 258 3146 autem
286 3086 379 3146 fidem
407 3085 543 3163 indicat,
574 3087 610 3145 ut
638 3085 715 3146 alibi
745 3087 791 3147 ait
818 3080 850 3121 ⁴³
859 3087 1018 3165 „Regnum
1044 3105 1143 3151 meum
1173 3091 1256 3152 intra

156 3213 215 3256 vos
237 3194 316 3270 est.“

241 3298 374 3367 ⁴4Dices
396 3307 448 3387 qui
469 3305 596 3367 habebat
617 3291 769 3376 villicum,
793 3307 861 3368 sive
887 3309 1155 3389 dispensatorem,
1176 3311 1255 3373 deus

207 3531 251 3587 10.
268 3533 335 3587 Ecce
353 3524 414 3601 elcss]
433 3532 495 3585 Luc.
514 3533 557 3600 13,
576 3535 688 3590 11-11.
723 3535 845 3605 septimus
857 3540 915 3603 post
926 3537 1031 3590 Petrum
1046 3538 1185 3605 apostolum
1199 3541 1256 3608 epi-

208 3617 251 3671 41.
266 3623 322 3671 octo
330 3616 462 3686 beatitud]
474 3619 563 3672 Matilo.
574 3618 600 3683 5,
609 3620 689 3689 lisqq.
723 3636 823 3689 scopus,
838 3622 880 3688 qul
890 3626 999 3688 quatuor
1009 3624 1218 3689 evangelistarum
1228 3627 1256 3680 in

208 3704 253 3758 42.
270 3704 331 3758 Non
350 3703 410 3772 etc]
427 3705 517 3757 dietih.
535 3703 578 3771 26,
599 3703 642 3758 29.
723 3722 800 3759 unum
816 3721 908 3776 corpus
919 3707 984 3759 dieta
999 3710 1162 3777 compingens
1180 3712 1256 3779 iuge·

207 3791 250 3844 43.
268 3791 384 3857 Regnum
449 3790 500 3859 est]
516 3790 579 3843 Luc.
593 3791 635 3858 17,
646 3790 690 3844 21.
723 3792 761 3845 nii
771 3794 811 3845 sui
823 3791 895 3845 nobis
906 3798 1067 3846 monumenta
1076 3794 1178 3864 dimisit,
1192 3799 1253 3851 haec

209 3877 252 3931 ll.
269 3878 351 3930 Dices
369 3875 430 3945 ete]
457 3876 519 3929 Luc.
538 3875 584 3942 16,
602 3876 691 3929 1-8.
724 3892 801 3945 snper
820 3878 865 3930 hac
882 3879 1000 3946 parabola
1017 3880 1043 3933 ln
1055 3883 1108 3935 suis
1119 3884 1255 3936 Commen-

157 3966 183 4017 ls
207 3965 277 4016 locus
304 3966 343 4016 est
369 3978 442 4030 quem
467 3960 638 4029 Hieronymus
663 3963 690 4016 in
722 3963 796 4016 teriia
811 3967 850 4016 est
861 3963 996 4032 loquutus:
1016 3966 1099 4020 Dices
1111 3970 1158 4034 poi
1173 3967 1254 4022 totc-

158 4049 275 4117 Epislcle
294 4047 344 4100 121
361 4045 392 4098 ed
403 4045 538 4112 ‘algasiam
558 4047 637 4115 (Opp.
649 4047 689 4100 ed.
724 4049 768 4102 bot
776 4049 914 4102 oillicom“
925 4055 974 4104 etc.
985 4067 1064 4119 nsque
1075 4050 1107 4102 ad
1116 4051 1254 4118 „perdide-

158 4135 267 4188 Vellars.
293 4133 321 4186 T.
340 4133 361 4185 l.
380 4147 410 4202 p.
427 4130 479 4185 860
494 4133 548 4202 eq.)
573 4135 689 4203 profert:
723 4134 811 4188 runt“
835 4134 899 4188 Vide
910 4151 973 4204 quae
986 4150 1063 4203 snpra
1074 4135 1254 4193 inPraelalio-

157 4219 344 4288 „Thecphllus‚
367 4217 541 4275 Antiocheam
566 4220 689 4275 ecelesiae
723 4220 1003 4290 nepllllsqmonni.
1023 4221 1253 4279 Adnotabolectio-
