2836 4852
189 270 233 338 92
501 270 721 336 nullorum
741 270 1003 336 annocum.

190 435 369 524 δνθροὸιιιον
389 437 567 521 ὀνομάζεται
587 442 651 522 pie,
672 437 710 505 δι’
730 437 771 521 ἣν
792 441 827 506 δὲ
847 441 948 506 αἰτίαν
964 445 1111 507 saloim
1129 439 1228 525 ον’τήν
1245 441 1303 510 caleo

190 553 370 616 διίστανται.
415 547 458 615 Τδ
480 549 513 616 ot
532 551 627 617 cineis
646 548 786 614 Ἡσίοδον
805 547 861 614 ιδν
882 549 1012 631 ποιητὴν
1040 550 1110 616 Ιὸἔοι
1131 552 1237 628 Χάους
1256 577 1303 637 γι-

190 665 337 745 γινῆσθαι
351 658 481 742 Ἔρεβος
509 660 559 722 ocul
580 659 636 739 τὴν
659 665 723 740 Γῆν
743 661 795 723 eccl
815 659 935 742 'Epora
956 661 1135 743 κυριεύοντα
1156 668 1218 726 τοῖν
1238 659 1304 726 κατ’

192 766 326 834 ιἰιδειὶν
352 792 383 833 ιε
403 774 490 832 θεοῖν
515 769 566 832 set
586 763 774 851 δνθοόιιων,
796 768 925 849 μάταιον
951 771 1001 834 eccl
1023 772 1145 854 ψυγοδν
1165 773 1199 837 ιδ
1221 775 1349 856 &poili

191 876 287 944 ωδνοῦ
306 879 356 942 ecl
377 875 533 960 ἀλλότριον
554 878 654 958 serione
675 874 820 959 διηθεδος
840 880 1006 942 buteonem·
1027 881 1103 945 θεδν
1120 877 1177 963 γὰρ
1194 877 1233 944 οδ
1247 882 1305 963 χρὴ

190 985 246 1067 ὕφ’
268 985 382 1070 ἡδονῆς
402 992 564 1063 νικᾶσθαι,
592 983 672 1051 ὅπου
689 1011 721 1071 γε
742 989 792 1051 eccl
814 990 846 1051 ol
864 988 1022 1071 σοι’φρονες
1048 986 1210 1072 ἅνθρωποι
1231 987 1305 1055 int·

191 1120 295 1179 γονται
314 1097 415 1177 neone
436 1098 561 1177 αἰσχρᾶς
581 1093 699 1178 ἡδονῆς
719 1098 769 1161 sat
790 1098 954 1180 inceptae
971 1104 1075 1180 καινῆς.

196 1240 207 1247 ··
279 1213 330 1270 13.
356 1202 443 1270 ’Alie
471 1205 522 1268 eol
548 1205 583 1268 εδ
613 1207 730 1270 δεινοῖν
751 1207 889 1289 ἐπιγείων
915 1208 1055 1272 ιιδιωθεν
1076 1206 1226 1290 ἄρξασθαι
1253 1210 1360 1274 nolis

191 1317 285 1399 ligero
313 1313 370 1396 τὴν
389 1317 511 1395 ποίησιν
539 1318 602 1378 τοῖν
631 1317 834 1398 γεγενημένων
859 1314 1060 1398 οἷνθριδνεινον
1088 1318 1138 1382 ecl
1160 1317 1305 1384 εοεεεινδν

191 1425 243 1490 set
269 1418 352 1489 πάνυ
380 1419 509 1498 δοθενδς
537 1425 570 1488 εδ
602 1424 734 1506 ἐννόημα
760 1421 893 1502 ιιιδεοιῖ,
924 1424 968 1503 ιδς
990 1425 1067 1510 νεοδς
1087 1424 1182 1511 θεόν,
1209 1429 1303 1493 ἐστίν.

184 1531 370 1615 Ἀνθρωπος
391 1536 447 1617 yclp
470 1534 552 1597 εδεω
577 1529 623 1597 ὃν
644 1532 762 1615 ἄρχεται
783 1535 817 1598 δε
838 1539 892 1615 τῆς
909 1542 967 1619 γῆς
986 1539 1171 1618 οἰκοδομεῖν,
1193 1539 1243 1602 cul
1262 1535 1304 1603 οδ

192 1641 292 1727 'sepulc
313 1643 397 1721 τάξιν
415 1643 542 1707 δύναται
564 1643 613 1707 cet
635 1641 692 1724 τὴν
711 1642 833 1727 ὀροφήν
854 1652 977 1726 ποιῆσαι
998 1646 1052 1711 δᾶν
1073 1644 1114 1728 μὴ
1136 1645 1189 1711 τδν
1211 1649 1304 1729 espi-

192 1758 258 1831 διον
286 1750 450 1834 cinnomus.
499 1757 579 1816 Θεοῦ
607 1751 640 1816 ti
667 1750 700 1816 ιδ
726 1753 857 1818 δυνατδν
885 1753 942 1820 3ἒν
962 1756 1059 1843 τούτω
1081 1758 1228 1820 delusurus
1249 1759 1337 1821 leoB

192 1867 315 1946 πρῶτον
336 1862 391 1944 pis
408 1865 439 1940 δξ
460 1861 517 1926 οδε
538 1859 637 1925 ὄντων
659 1866 735 1947 ποιῇ
755 1864 791 1926 ιδ
813 1863 970 1946 γινόμενα,
991 1865 1065 1930 1ιιοδ
1086 1863 1131 1942 ὅς
1152 1862 1303 1950 βούλεται.

193 2075 241 2130 eccl
259 2075 287 2131 ol
299 2069 431 2145 Ἕλληνες
447 2077 523 2131 laune
540 2078 611 2143 net)
631 2081 658 2129 et
675 2077 729 2130 llu-
765 2085 806 2133 tus
824 2082 985 2136 lucernorum
1011 2088 1038 2136 et
1054 2085 1148 2137 ieiunia
1169 2099 1225 2136 curu
1244 2099 1307 2150 acy-2

193 2163 248 2216 aeb.
267 2163 360 2231 Prsep.
380 2179 420 2216 ev.
439 2163 511 2217 liiii.
538 2177 561 2214 c.
580 2160 629 2227 12,
657 2161 730 2214 Philo
766 2167 813 2219 uuis
832 2169 1003 2222 elocutiones
1022 2167 1150 2236 litorales,
1170 2184 1233 2238 quae
1251 2170 1304 2222 uti·

194 2247 261 2316 opp.
286 2248 315 2301 Τ.
334 2249 368 2303 ΙΙ.
395 2265 420 2317 p.
437 2246 502 2315 137,
527 2247 651 2316 Iosephus
672 2246 688 2299 Ι.
707 2261 729 2300 c.
766 2265 815 2318 que
833 2251 914 2304 aliena
933 2258 994 2306 suut
1009 2268 1022 2305 a
1036 2252 1084 2306 diis
1100 2254 1201 2307 uestris.
1232 2252 1303 2318 Qua-

193 2334 228 2387 ll.
247 2349 270 2386 c.
286 2333 329 2386 39.
366 2333 439 2387 Alios
465 2332 520 2385 eide
545 2347 586 2397 up.
613 2331 731 2384 Grotium
765 2351 804 2402 re,
822 2339 852 2388 ut
869 2337 899 2389 ab
917 2351 1025 2391 excessu
1043 2341 1176 2403 revertur,
1197 2339 1239 2406 qui
1257 2340 1301 2391 εο-

194 2418 234 2471 ile
258 2419 332 2471 serit.
360 2419 436 2485 relig.
464 2417 519 2470 elur.
538 2416 560 2468 1.
587 2415 614 2485 §.
630 2413 664 2469 16
690 2417 731 2482 (ir
766 2421 815 2472 tem
837 2425 863 2475 et
883 2420 948 2474 diurn
968 2423 1023 2474 eius
1042 2423 1116 2475 nobis
1135 2423 1306 2491 exprobratis,

193 2506 279 2573 notio)
303 2509 465 2558 mensuratos.
501 2503 542 2556 Gi.
562 2501 667 2555 Seldeu.
693 2502 732 2554 Ite
767 2508 897 2572 agnoscito
922 2507 1091 2560 vicinitatem:
1115 2521 1166 2559 non
1191 2508 1266 2574 iunge
1292 2524 1306 2559 a

193 2591 252 2645 lure
274 2596 328 2644 nat.
356 2595 383 2644 et
407 2593 488 2658 genti.
506 2590 555 2641 ΙΙΙ.
582 2604 603 2640 c.
624 2587 657 2640 13
674 2602 731 2655 sqq.
769 2591 880 2643 Saturno
906 2597 933 2642 et
949 2593 1060 2644 sabbatis
1078 2594 1172 2644 vestris
1190 2595 1308 2645 sumos.“

194 2677 316 2730 Maraccus
341 2677 477 2745 praecipua
504 2673 555 2728 διιο
584 2672 732 2726 Tertulliani
768 2677 825 2728 buo
841 2677 929 2729 inlice
949 2677 1095 2729 testimonio
1110 2678 1231 2730 maranus
1249 2680 1307 2730 sui-

193 2763 340 2815 testimonla
359 2762 441 2815 affert.
470 2760 509 2813 Aa
528 2763 590 2812 nati.
608 2760 629 2811 1.
648 2774 670 2810 o.
686 2756 732 2810 13:
767 2762 914 2814 madvertit:
935 2762 969 2815 1⁰.
989 2761 1124 2816 Sabbatum
1141 2762 1205 2830 aputl
1221 2763 1307 2828 genti-

194 2846 267 2912 „Atti
294 2847 369 2914 plane
396 2847 530 2898 humanius
556 2845 635 2898 solem
662 2843 731 2895 cluri-
767 2847 805 2900 ies
821 2848 952 2899 observant
970 2860 1020 2899 non
1039 2848 1095 2900 siue
1113 2848 1195 2915 aitqua
1212 2847 1306 2901 ludaici

194 2931 304 2984 silanum
332 2931 406 2986 eleum
431 2932 578 2996 aestimant,
608 2929 674 2998 quoi
691 2929 733 2981 in·
768 2933 877 2984 instituti
903 2931 1051 2984 imitatione.
1083 2930 1120 2985 2⁰.
1146 2933 1204 2986 Non
1229 2932 1306 2998 louge

194 3018 310 3070 notuerit
336 3016 367 3069 ad
391 3017 498 3070 orientis
527 3021 623 3085 partem
648 3016 733 3067 iacere
768 3017 843 3068 eiiam
862 3016 909 3067 trac
927 3016 953 3066 in
969 3029 999 3066 re
1017 3029 1030 3066 ι
1050 3015 1201 3069 cluristianis
1219 3018 1307 3081 genti-

195 3115 243 3155 uos
262 3103 443 3170 precationem,
462 3101 502 3154 vel
521 3101 561 3153 die
580 3101 643 3154 solie
656 3098 733 3152 laeti-
768 3099 807 3153 les
824 3105 937 3152 remotos
955 3115 1028 3164 esse,
1054 3104 1106 3152 tum
1131 3102 1189 3169 quia
1213 3103 1306 3154 sabba-

195 3187 256 3240 enm
274 3201 375 3242 curare.
411 3186 486 3253 Quid,
505 3201 549 3238 vos
568 3185 651 3238 rninus
669 3186 732 3237 iaci·
768 3191 821 3238 tum
838 3185 890 3239 diei
909 3185 971 3238 solie
988 3187 1144 3256 proximum,
1169 3191 1221 3239 tum
1248 3188 1306 3255 qula

194 3272 248 3325 tlsi
285 3272 343 3325 Nun
361 3271 477 3340 plerique
495 3270 653 3323 affectatione
672 3269 733 3321 ado·
768 3272 872 3340 utrique
889 3285 935 3323 sex
955 3271 1011 3324 alils
1029 3271 1118 3342 (liebus
1136 3287 1214 3323 uuum
1229 3287 1307 3339 prae-

195 3355 268 3410 uacui
281 3354 414 3425 aliquando
428 3356 502 3407 etism
514 3354 633 3407 caelestis
648 3352 679 3405 aul
691 3367 734 3406 ao·
769 3357 865 3408 ierunt.
902 3354 986 3420 Quare
1007 3356 1082 3407 verba
1102 3360 1149 3421 „et
1166 3369 1199 3408 ex
1217 3355 1308 3409 (liebus

194 3442 228 3495 lis
245 3441 343 3494 initium
362 3441 432 3493 labra
447 3439 571 3492 vibratisi
600 3439 734 3491 Voseerte
768 3442 849 3508 ipsum
877 3440 1070 3508 praeelegistis,
1096 3455 1145 3508 quo
1171 3439 1232 3493 ute“
1258 3444 1307 3493 etc.

195 3527 276 3589 estis,
302 3527 345 3595 qui
369 3527 443 3579 etiarn
468 3525 494 3578 in
519 3523 667 3577 laterculum
692 3538 732 3576 se·
769 3527 798 3580 V.
818 3526 848 3577 It.
868 3539 919 3578 nou
937 3524 968 3576 οδ
986 3525 1047 3578 solis
1074 3524 1140 3576 dicrn
1163 3526 1245 3577 reteri
1262 3525 1308 3578 seul

193 3613 263 3680 ptern
282 3609 380 3663 dierum
397 3611 477 3663 solem
496 3609 639 3677 recepistis,
658 3612 684 3660 et
701 3623 733 3661 ex
769 3610 799 3662 sd
817 3611 957 3676 sabbatum,
975 3614 1069 3679 eiquo
1087 3611 1229 3663 accuratior
1246 3626 1308 3663 ora-

195 3694 283 3746 otetur
302 3696 386 3761 ipsum
405 3694 600 3760 praeelegistis,
624 3692 734 3760 quodie
769 3696 805 3748 tio
830 3694 874 3747 iiat
901 3695 963 3761 legit
990 3699 1035 3761 „et
1059 3711 1108 3748 sco
1133 3694 1223 3748 diebus
1252 3697 1308 3763 ipsi

195 3779 321 3830 lavacrum
340 3777 495 3831 subtrahetis
521 3783 564 3831 aut
591 3781 616 3831 in
642 3794 733 3845 respe-
768 3779 953 3848 praeelegistis,
972 3793 1021 3848 quo
1039 3778 1100 3831 ‹lie“
1119 3783 1168 3831 etc.
1197 3779 1306 3848 Apulog.

196 3878 250 3916 rcus
276 3861 412 3927 differatis,
438 3863 579 3914 autolium
605 3867 631 3914 ei
654 3878 732 3932 pran-
768 3880 789 3917 c.
810 3865 859 3918 lii:
886 3866 997 3934 „Aeque
1020 3867 1041 3917 si
1061 3865 1127 3917 dicun
1152 3866 1214 3918 solis
1232 3866 1307 3918 iaeti-

196 3949 264 4002 otum
285 3946 389 4000 curetis.
427 3946 500 4010 Quod
524 3946 625 4014 quidem
650 3948 733 4001 facitis
769 3952 819 4003 ttee
842 3950 1016 4017 indulgemus,
1042 3950 1090 4003 alia
1109 3950 1184 4018 longe
1207 3952 1307 4004 ratione

197 4033 371 4087 exorbitantes
387 4035 413 4083 et
426 4030 476 4098 ipsi
491 4046 504 4082 a
519 4033 612 4085 nestris
626 4032 657 4086 ιδ
670 4034 733 4086 alio·
769 4050 841 4103 quam
860 4036 984 4103 reiigione
1008 4036 1087 4098 soils,
1112 4035 1225 4088 seeundo
1251 4035 1307 4088 loco

197 4133 242 4172 uas
266 4117 414 4185 religiones.
459 4113 545 4168 lulael
571 4117 637 4170 enirn
663 4118 733 4184 lasti,
768 4120 799 4172 ab
817 4121 855 4173 eis
873 4134 960 4174 sursus
981 4123 1023 4190 qui
1042 4120 1108 4175 liene
1131 4121 1236 4174 Saturni
1254 4122 1307 4174 otio

197 4202 298 4257 sabbeta
316 4207 342 4257 et
360 4216 438 4259 coena
454 4216 528 4272 pura,
547 4205 574 4255 et
588 4200 678 4258 iulaici
695 4206 732 4258 ri·
769 4210 795 4258 et
813 4206 891 4260 victui
909 4205 1062 4272 decernunt,
1087 4206 1262 4261 exorbitantes
1281 4211 1308 4260 et
