2836 4852
281 232 661 300 cofflnnnmonnn
681 233 725 296 IN
744 232 987 312 nvnnnnnln
1009 233 1087 296 LIB.
1109 235 1133 298 l.
1197 231 1261 301 285·

152 408 234 471 male
256 408 404 468 viventes
424 408 541 468 audent
562 425 630 469 cum
652 407 895 484 simplicioribus
912 405 1040 483 delego
1061 407 1262 485 contendere,

152 535 282 597 quornm
306 518 346 578 ab
369 514 467 577 oculis
497 517 646 593 stipulam
677 533 813 577 coronae
845 515 1017 574 dominicae
1040 518 1190 576 mundare
1211 518 1262 577 ni-

151 632 260 690 tnntnr
287 632 320 688 et
342 629 374 686 in
394 642 452 687 suo
475 626 598 685 trabem
618 643 681 685 non
703 626 841 686 sentiunt
862 624 975 683 crucis.
1019 618 1049 656 ⁴⁵
1062 622 1170 684 Nolite
1188 645 1262 685 suu·

151 746 233 800 ctum
250 755 363 816 punem
385 734 462 795 dure
483 735 615 795 cunibus.
661 736 723 795 Per
744 751 838 794 canes
860 733 1016 810 signifieat
1037 749 1094 792 eos
1117 735 1168 808 qui
1189 737 1263 811 post

152 848 377 925 poenitentiam
408 846 550 922 peccant.
572 917 575 920 ἦ
593 843 701 924 Neque
721 843 864 904 miseritis
886 841 1071 921 marpuritus
1093 850 1163 901 outa
1181 861 1263 920 por-

153 977 215 1018 cos.
258 957 322 1015 Per
344 971 460 1032 porcos
483 953 557 1013 illos
588 955 656 1013 vult
685 952 823 1028 intelligi
855 952 907 1026 qui
936 951 1065 1010 necdum
1094 953 1263 1028 evangelio

152 1066 354 1135 crediderunt
376 1067 409 1123 et
432 1064 463 1121 iu
483 1063 551 1122 luto
572 1062 802 1126 incredulitatis
823 1076 899 1120 snae
914 1061 1060 1135 vitiisque
1079 1063 1262 1121 versantur:

153 1176 265 1252 quibus
289 1172 336 1234 ait
353 1168 558 1249 margaritas,
585 1170 617 1232 id
640 1174 690 1231 est
712 1171 844 1248 mystica
865 1171 1061 1231 sacramenta
1082 1170 1172 1247 fidei,
1200 1187 1263 1230 non

153 1285 271 1345 debere
299 1283 456 1352 committi.
500 1275 531 1319 ⁴¹⁰
543 1281 702 1361 Numquid
733 1278 885 1359 collipuut
917 1277 956 1338 de
983 1279 1079 1356 spinis
1109 1298 1181 1339 uuus
1209 1287 1264 1340 aut

152 1392 193 1453 dc
214 1389 334 1452 tribulis
354 1391 452 1472 ficus?
495 1391 530 1451 ln
552 1392 650 1467 spinis
673 1393 706 1449 et
727 1390 854 1451 tribulis
870 1389 1025 1448 haereses
1038 1389 1263 1464 intelligendae

154 1503 244 1577 sunt,
266 1501 305 1560 de
329 1500 441 1577 quibus
461 1498 759 1560 iustitiaeirnotum
780 1515 870 1558 nemo
892 1498 1032 1574 colligit,
1054 1494 1086 1556 id
1109 1500 1158 1556 est
1177 1491 1262 1556 m'arq

155 1611 246 1686 tyras
276 1626 329 1668 ex.
344 1609 513 1669 haereticis
543 1624 631 1668 nemo
662 1608 760 1666 novit.
803 1602 919 1667 ⁴⁷Nou
945 1612 1050 1686 potest
1071 1606 1162 1666 ordor
1182 1607 1262 1668 douo

153 1717 250 1779 mulos
276 1719 396 1796 fructus
423 1720 541 1797 fucare.
584 1716 691 1775 Arbor
722 1717 802 1776 mala
834 1717 927 1775 homo
954 1718 1102 1792 peccator
1127 1719 1181 1774 est
1209 1718 1262 1791 qui

153 1827 252 1886 malos
282 1825 404 1886 fruetus
429 1826 522 1900 iecit,
555 1825 616 1883 hoo
641 1826 693 1883 est
716 1828 850 1901 >peccata
873 1825 1011 1885 libidinis
1035 1827 1067 1883 et
1086 1825 1263 1900 *avaritiae5

152 1936 249 1996 arbor
270 1938 374 1994 antem
397 1937 479 1995 bona
501 1935 595 1994 homo
618 1934 717 1994 bouus
739 1936 789 1993 est
811 1934 940 2009 placens
963 1934 1033 2006 deo,
1055 1933 1175 1994 faciens
1193 1935 1264 1996 sru-

154 2047 222 2104 utus
245 2044 356 2104 bonos.
401 2039 431 2078 ⁴⁸
447 2042 551 2104 Omnis
574 2043 627 2123 qui
648 2043 738 2104 audit
759 2043 847 2104 uerbo
869 2062 934 2102 meu
958 2048 987 2102 et
1008 2044 1092 2120 fucit
1106 2062 1142 2103 su
1156 2043 1265 2106 similis

154 2161 198 2214 cst
219 2154 285 2212 uiro
306 2153 457 2230 cupienti,
486 2153 539 2233 pui
560 2150 739 2232 aedificavit
762 2151 884 2213 domum
906 2171 990 2212 suum
1012 2171 1105 2232 srupru
1127 2161 1262 2233 petrum.

152 2262 249 2322 Petra
271 2261 416 2322 Christus
445 2264 495 2321 est
523 2262 765 2338 intelligendus,
793 2262 903 2322 domus
923 2263 989 2320 vita
1009 2261 1088 2323 haec
1110 2281 1264 2340 praesens

154 2372 262 2431 innixa
277 2371 369 2447 deo,
395 2368 528 2448 fulmina
557 2372 589 2429 et
618 2371 701 2430 cauti
728 2370 862 2445 impetus
893 2370 1140 2451 persecutionis,
1170 2392 1265 2434 orcuu

154 2480 297 2541 nemesis
318 2481 350 2538 in
373 2495 433 2554 qna
455 2478 604 2552 quidquid
627 2478 823 2537 aedificatum
846 2477 943 2537 luerit
962 2478 1057 2538 cadit.

238 2583 419 2651 ”Accessit
433 2585 571 2667 ,quidum
601 2587 749 2647 centurio.
794 2585 851 2645 llic
880 2586 1010 2664 figuram
1041 2587 1125 2662 gerit
1153 2591 1265 2665 populi

155 2698 282 2776 gentilis
314 2698 472 2758 credentis
488 2696 528 2754 iu
559 2695 649 2755 deum
678 2698 711 2754 et
738 2696 895 2755 uenientis
923 2697 963 2756 ud
992 2696 1085 2755 fidem
1111 2713 1152 2755 ex
1182 2702 1265 2759 omni

155 2809 234 2869 erbe
257 2810 422 2867 terrarum.
467 2804 549 2864 Sane
577 2805 662 2879 qnod
691 2806 736 2863 uit
769 2800 799 2838 ⁵⁰
812 2803 887 2865 Filii
909 2803 995 2864 iuius
1017 2806 1106 2884 rapui
1125 2807 1210 2869 ibunt
1232 2809 1266 2869 iu

155 2917 291 2978 tcuedrus
307 2916 473 2975 exteriores
493 2913 629 2973 ludaeos
648 2915 827 2974 incredulos
844 2916 943 2975 taxat.
986 2908 1019 2952 ⁶¹<
1035 2913 1145 2994 Vulpes
1158 2918 1265 2994 foueas

155 3025 275 3086 dobant.
317 3023 353 3082 In
374 3027 407 3082 te
431 3021 554 3083 scilicet
576 3024 655 3082 tanti
677 3023 743 3082 doli
766 3024 933 3098 tantaeque
958 3025 1031 3083 sunt
1050 3023 1201 3101 fraudes,
1230 3028 1265 3086 nt

155 3135 188 3194 in
209 3136 265 3194 tuo
292 3134 388 3199 corde
415 3133 528 3209 vulpes
556 3131 724 3202 uideantur
752 3131 868 3191 fecisse
899 3133 1023 3193 cubilia.
1067 3132 1110 3192 Et
1129 3133 1265 3196 uolucres

157 3239 237 3303 coeli
258 3240 368 3303 nidos:
399 3241 432 3301 id
455 3243 505 3305 est
527 3243 645 3301 tantum
668 3242 824 3318 superbus
853 3258 888 3300 es
912 3245 947 3300 ut
975 3243 1087 3303 volare
1109 3247 1141 3303 te
1164 3246 1265 3306 aesti-

156 3366 233 3427 mes,
255 3367 384 3426 eumque
396 3351 446 3409 sit
465 3355 576 3426 pectus
596 3353 679 3410 tuum
701 3351 825 3426 plenum
846 3353 1011 3428 iniquitate
1024 3355 1057 3411 et
1072 3357 1264 3434 arrogantia,

156 3457 303 3519 Circinus
323 3459 388 3519 illic
411 3459 598 3519 succedendi
620 3475 681 3517 non
705 3460 824 3519 invenit
846 3462 957 3521 locum.
1000 3455 1031 3494 ⁶²
1044 3463 1132 3532 Siue,
1152 3466 1266 3525 mortui

155 3566 305 3648 sepeliunt
325 3574 459 3629 mortuos
480 3587 567 3628 suos.-
589 3567 621 3626 id
644 3570 693 3626 est
715 3570 861 3644 permitte
883 3570 1026 3629 inlideles
1048 3569 1152 3631 officia
1167 3556 1265 3650 prae-

203 3721 267 3786 ¹45.
286 3696 453 3802 delitescis]
473 3733 562 3786 Matio.
582 3730 608 3798 7,
626 3731 650 3784 ii.
729 3730 756 3784 oi
787 3733 925 3801 ποταμοί)
958 3748 1007 3802 pro
1041 3734 1154 3790 fulmins.
1205 3739 1263 3792 Non

225 3815 268 3871 lt.
293 3818 429 3885 Numquid
456 3816 518 3885 οἱα]
556 3817 646 3868 Metili.
667 3817 693 3884 7,
728 3822 807 3871 mulo.

158 3901 192 3955 16
796 3903 839 3956 49.
858 3904 974 3957 Accurrit
992 3903 1052 3972 atu]
1071 3905 1161 3958 Multh.
1179 3907 1205 3970 8,
1223 3907 1248 3960 5.

194 3944 200 3959 ·
227 3986 269 4040 47.
286 3987 348 4039 Nou
365 3985 425 4053 ctu]
443 3986 533 4040 Malliu-
552 3986 576 4050 7,
595 3985 636 4038 18.
797 3987 839 4041 50.
857 3988 924 4040 Filii
943 3987 1005 4057 ete]
1025 3990 1114 4041 Mutth.
1132 3989 1159 4055 8,
1178 3989 1219 4042 12.

226 4070 269 4127 la
290 4070 381 4122 Omnis
401 4069 461 4138 otu]
488 4071 578 4124 naun.
604 4071 635 4138 7,
659 4071 693 4126 24
796 4071 839 4125 51.
861 4071 957 4140 Vulpes
970 4073 1032 4141 etc]
1052 4074 1142 4127 Malth.
1160 4073 1187 4140 8,
1202 4073 1245 4130 2⁰.

157 4154 235 4209 -26,
252 4184 287 4201 ·-
320 4154 388 4208 Bibl.
407 4156 480 4223 ‚vulp
504 4156 611 4210 flumine
633 4158 693 4225 (idi.
796 4156 840 4213 52.
858 4155 927 4210 Siue
945 4155 1008 4225 eto]
1030 4148 1121 4211 Mitto.
1140 4155 1167 4226 8,
1184 4155 1227 4213 22.
