2836 4852
424 276 485 340 ΑΒ
499 273 746 342 <duronicum
770 275 849 347 tle.
869 274 909 342 1t
1158 275 1222 346 121

112 445 294 525 scripturae
314 448 348 510 et
369 464 475 510 omnes
498 449 613 527 spiritu
635 449 737 527 pleni,
759 466 801 509 cx
823 464 951 525 quorum
974 464 1109 512 numero
1126 449 1221 512 Ioan-

111 574 170 617 nes
197 557 289 618 dicit:
341 553 379 618 In
408 555 571 641 principio
599 559 669 621 erut
703 555 810 638 logor,
850 558 884 620 et
911 555 1000 640 logos
1031 561 1103 622 erui
1133 557 1225 644 apud

57 738 62 744 ‚
114 661 244 727 deuna
259 657 372 742 quibus
401 668 510 727 verbis
541 669 680 727 ostendit
710 668 799 726 initio
828 667 929 727 solum
957 667 1056 728 fuisse
1079 671 1168 730 deum
1192 673 1225 731 et

112 774 145 834 iu
167 790 207 835 eo
235 774 340 854 logon.
384 776 460 835 Tum
480 776 572 836 dicit:
609 772 659 838 Et
689 772 771 837 deuo
801 776 872 837 erat
895 772 1003 856 logos:
1032 775 1137 839 amaia
1162 796 1224 863 per

113 900 183 945 eum
202 876 298 964 fucta
318 884 410 956 sutri,
440 886 475 947 et
495 882 565 947 aine
585 904 622 946 eo
635 877 766 968 suetum
790 881 955 947 estnihil.
999 884 1105 962 Logos
1128 887 1225 964 igitur
1304 919 1308 928 ·

113 1008 206 1067 quum
235 994 312 1052 deus
340 995 382 1079 sit
412 998 505 1054 etex
528 995 588 1054 deo
613 994 759 1071 genitus,
776 1009 860 1052 veuru
882 996 975 1069 pater
997 993 1225 1073 universorum,

111 1102 238 1176 quando
264 1103 348 1180 vult,
383 1100 478 1163 mittit
509 1104 540 1162 in
569 1103 704 1178 aliquem
733 1101 853 1181 locum,
887 1117 948 1176 quo
979 1120 1071 1177 quum
1101 1106 1225 1166 venerit

112 1211 239 1271 auditur
261 1215 294 1271 et
314 1212 456 1288 videtur,
478 1213 592 1271 missus
613 1206 652 1271 ab
675 1227 731 1287 eo,
753 1212 786 1269 et
808 1212 881 1284 [ita]
906 1211 937 1269 iu
959 1211 1031 1271 loco
1052 1211 1223 1274 invenitur.

199 1323 251 1381 23.
281 1320 441 1381 Hominem
469 1320 568 1397 igitur
589 1321 667 1380 deas
695 1319 772 1379 lecit
803 1320 854 1377 die
884 1322 994 1393 sexto,
1025 1319 1094 1378 eius
1119 1323 1224 1381 autem

112 1427 332 1489 formationem
360 1429 513 1506 patefecit
534 1431 610 1505 post
632 1429 713 1487 diem
742 1427 924 1503 septimum,
956 1443 1047 1502 quum
1070 1430 1102 1486 ot
1127 1445 1225 1505 para-

111 1537 214 1596 disum
238 1536 383 1611 fecisset,
415 1539 449 1595 ut
470 1537 502 1594 iu
525 1536 643 1612 optimo
668 1536 706 1593 et
727 1535 897 1594 excellenti
918 1535 990 1594 loco
1013 1551 1081 1595 eum
1104 1538 1224 1597 consti-

111 1648 229 1706 tueret.
273 1645 359 1704 Haec
378 1646 483 1703 autem
505 1661 583 1704 vera
604 1660 677 1703 esse
699 1659 752 1702 res
775 1644 845 1718 ipsa
867 1645 1071 1704 demonstrat.
1114 1645 1225 1707 Nonne

112 1754 194 1815 enim
222 1755 299 1824 licet
328 1754 580 1813 animadvertere
612 1752 742 1812 dolores
770 1751 862 1828 illos,
892 1768 971 1826 quos
999 1753 1166 1830 perferunt
1193 1755 1226 1816 in

113 1866 208 1941 partu
230 1863 395 1938 mulieres,
423 1865 456 1922 et
477 1865 590 1939 postea
620 1861 771 1921 oblivioni
793 1861 938 1936 tradunt,
967 1864 1003 1920 ut
1024 1861 1149 1922 effatum
1172 1864 1226 1924 dei

112 1966 282 2049 impleatur
311 1973 344 2030 et
365 1972 520 2047 augeatur
552 1972 585 2028 et
606 1971 730 2030 crescat
759 1986 860 2046 genus
881 1968 1071 2029 humanum?
1114 1971 1224 2034 Nonne

115 2081 205 2155 [licet
227 2080 494 2152 animadvertere]
520 2079 612 2138 etiam
636 2080 795 2155 serpentis
815 2079 1119 2156 condemnationem,
1145 2096 1225 2156 quo·

113 2191 206 2250 modo
230 2206 348 2250 exosus
371 2189 414 2246 sit
433 2204 529 2263 supra
551 2188 693 2246 ventrem
715 2203 831 2264 repens
855 2203 891 2245 ac
913 2188 1029 2246 terram
1053 2189 1169 2266 edens,
1191 2191 1227 2250 nt

113 2296 171 2359 hoc
193 2315 318 2375 quoque
348 2300 531 2373 argumento
565 2297 686 2357 veritas
716 2312 824 2355 eorum
847 2311 928 2370 quae
951 2295 1085 2356 diximus
1108 2299 1225 2358 confir·

113 2409 245 2469 moturi

199 2519 250 2576 el.
272 2512 445 2576 Praeterea
465 2516 561 2593 igitur
579 2512 735 2593 producit
755 2512 982 2574 damaetam
998 2533 1084 2575 omne
1099 2513 1224 2593 liparam,

109 2623 273 2705 pulchrum
304 2627 368 2685 viru
396 2631 426 2684 et
447 2622 638 2684 commodam
661 2622 704 2683 ud
726 2622 912 2683 vescendum.
957 2618 1048 2680 Initio
1078 2623 1157 2680 enim
1186 2639 1225 2684 ea

112 2735 325 2794 tantummodo
349 2736 440 2792 erant
461 2748 542 2808 quae
566 2729 616 2791 die
636 2733 732 2791 tertio
754 2733 908 2808 producta
930 2730 1075 2806 fuerant,
1096 2730 1225 2807 plantae

112 2844 145 2904 et
176 2844 294 2904 semina
324 2845 357 2902 et
386 2842 516 2904 herbae.
569 2841 655 2909 Quae
684 2857 762 2901 voro
791 2840 822 2898 in
851 2840 1001 2915 paradiso
1034 2842 1154 2916 [erant]
1186 2859 1226 2904 ea

111 2952 289 3030 praestanti
319 2953 410 3011 erant
437 2950 671 3027 pulchritudine
697 2950 730 3007 et
755 2949 960 3025 amoenitate,
990 2951 1108 3026 quippe
1132 2969 1225 3027 quum

111 3062 301 3138 plantarium
323 3061 505 3137 appelletur
526 3061 566 3119 ab
593 3061 666 3135 ipso
690 3059 749 3117 deo
771 3059 883 3117 satum.
928 3056 1079 3119 Caeteras
1102 3060 1225 3134 quidem

111 3169 238 3248 plantas
261 3171 392 3231 mundus
415 3170 498 3231 haud
521 3168 682 3231 absimiles
707 3166 812 3228 habuit
820 3183 829 3236 3
856 3167 935 3226 duas
957 3167 1226 3244 autemarbores,

112 3415 201 3482 lieres,
219 3417 247 3469 in
265 3430 371 3484 poenam
390 3423 493 3485 peccato
509 3418 651 3482 impositam
686 3415 827 3483 Humphr.‚
864 3414 931 3466 hunc
962 3415 1096 3467 articulum
1124 3414 1225 3467 omisitz

113 3500 194 3570 [Gen.
214 3500 240 3569 3,
261 3500 310 3555 16:
330 3504 362 3555 ci.
382 3518 458 3572 supra
478 3517 500 3553 c.
516 3501 580 3568 2113
605 3499 652 3552 do·
687 3516 839 3568 quamquam
864 3501 891 3551 iu
916 3500 1033 3551 omnibus
1051 3499 1123 3551 codd.
1142 3501 1227 3551 castrt

111 3586 174 3639 loris
193 3587 243 3639 eito
269 3601 312 3639 eas
327 3588 395 3653 capit
419 3587 527 3649 oblivio,
554 3600 587 3638 ne
605 3597 653 3650 go·
686 3587 760 3638 mstis
779 3589 805 3637 et
822 3584 906 3637 editis.
942 3584 1027 3637 Probe
1046 3583 1163 3636 Galland.
1182 3598 1226 3637 re·

111 3671 184 3724 neris
216 3671 319 3724 humani
349 3672 526 3740 propagationi
560 3670 652 3723 obstet.
686 3671 788 3739 posull3
814 3673 839 3721 at
858 3681 918 3720 uero
937 3668 1018 3734 Migo.
1039 3681 1154 3720 errorem
1173 3681 1226 3721 non

111 3755 206 3808 Partus
225 3749 327 3809 dolores
347 3772 360 3807 a
380 3757 521 3826 theophilo
541 3753 653 3821 proferri
687 3754 810 3806 correxit.

111 3840 330 3907 instrumentum
344 3842 458 3893 veritalis
473 3841 595 3894 historiar
610 3853 652 3891 sa·
755 3838 780 3888 1.
800 3833 1005 3905 Έξανατείλας]
1031 3835 1094 3891 Scil.
1115 3825 1158 3902 ἦν.
1186 3835 1226 3888 ct.

112 3939 172 3978 crae
190 3940 222 3978 ex
239 3927 271 3979 iis
290 3928 366 3979 etiam
384 3929 454 3992 patet
466 3940 530 3992 quae
545 3938 604 3976 mox
621 3922 652 3975 de
687 3937 709 3975 c
725 3922 750 3974 3.
769 3937 795 3973 ιι.
812 3922 855 3987 18,
873 3920 917 3973 lib.
933 3921 980 3976 ΙΙΙ.
997 3920 1075 3975 coo
1090 3918 1226 3986 n.1‚⁴al.⁴;

111 4011 242 4075 serpentis
259 4024 341 4079 poena
359 4010 538 4063 subiiciuntur.
558 4009 652 4062 Maro·
687 4004 750 4058 adde
765 4005 893 4071 Athenas.
912 4005 951 4058 De
965 4018 1065 4059 resurr.
1081 4017 1104 4054 o.
1117 4003 1143 4055 2.
1160 4016 1187 4054 ιι.
1201 4000 1227 4054 2.

113 4109 200 4147 ues.·
687 4115 721 4130 -υ
738 4088 837 4143 Genea.
856 4089 883 4156 2,
901 4088 933 4151 e;
953 4090 985 4142 ol.
1003 4101 1080 4153 supra
1098 4101 1121 4140 e.
1140 4084 1184 4139 20.

184 4176 210 4230 5.
234 4174 281 4248 ed]
317 4178 435 4244 Maron,
460 4192 566 4246 quocum
592 4175 654 4231 iecit
756 4170 1208 4244 2.lo2nm]vm.;vu13.-n.
