2836 4852
205 297 231 346 ι
264 374 267 378 .
562 269 951 343 enonnoonunn.

206 467 293 534 runt
318 460 370 551 (c.
392 459 456 550 2),
482 458 578 528 inter
605 478 690 528 sese
721 464 759 528 et
794 479 919 528 secum
942 455 1014 546 ipsi
1041 454 1201 547 litigant,
1228 457 1322 525 (loos

207 598 292 657 osse
312 603 407 655 nuno
431 588 601 653 asserunt
626 603 721 652 nunc
749 588 903 674 negant,
939 579 1212 670 providentiam
1236 600 1323 651 mox

207 709 410 782 defendunt
435 727 520 777 mox
544 713 727 798 evertunt,
754 712 881 795 stupra
905 711 943 773 et
968 706 1152 774 adulteria
1177 705 1321 797 (locent,

207 835 298 928 ipsis
324 833 396 903 (liis
423 831 612 925 horrenda
639 831 780 921 flagitia
809 837 846 899 et
880 832 1057 899 scelestas
1094 849 1230 898 coenas
1260 839 1322 899 at-

208 960 375 1032 tribuunt
401 959 453 1047 (c.
477 957 534 1046 3).

142 1176 143 1179 Ἴ
309 1080 496 1152 Eiusmodi
528 1080 641 1149 rebus
675 1077 905 1170 Theophilus
935 1082 1107 1149 lubenter
1142 1100 1324 1169 superse-

209 1210 343 1299 disset3
384 1207 453 1276 sod
486 1224 595 1292 quum
630 1205 775 1276 videret
797 1204 1020 1297 Autolycum
1050 1202 1171 1273 adhuc
1201 1204 1323 1275 animo

208 1335 386 1405 fluctuare
410 1351 455 1400 ac
476 1329 706 1400 sermonibus
726 1330 911 1399 hominum
935 1330 1146 1401 insanorum
1169 1330 1323 1422 moveri,

209 1458 272 1549 qui
302 1455 521 1527 Christianis
561 1452 610 1523 1⁰.
643 1456 808 1545 epulas
838 1451 1063 1524 humanae
1094 1453 1266 1522 earnis·
1288 1456 1325 1522 et

210 1581 258 1654 2⁶.
284 1579 586 1673 promiscuos
623 1579 907 1649 concubitus
944 1577 1171 1668 affingebant
1209 1582 1320 1664 atque

210 1705 262 1779 3⁰.
295 1726 423 1776 eorum
457 1703 723 1774 doctrinam
761 1723 869 1772 esse
901 1707 1141 1772 recentem
1175 1701 1323 1771 dictita-

211 1833 318 1925 bant,
350 1829 560 1900 uberiorem
595 1828 666 1896 sibi
701 1827 983 1915 disputationem
1014 1827 1060 1895 de
1088 1824 1323 1897 Christiano·

212 1976 294 2025 rum
321 1952 529 2022 innocentia
557 1957 594 2020 et
624 1951 840 2040 antiquitate
863 1951 1132 2040 suscipiendam
1154 1971 1237 2020 esse
1263 1951 1324 2021 in-

213 2079 352 2150 dicavit
378 2080 429 2167 (o.
452 2077 509 2166 l).

315 2201 474 2272 Primum
508 2200 621 2290 igitur
655 2200 882 2271 demonstrat
913 2200 1119 2271 istorum
1154 2201 1322 2271 erimi-

213 2348 316 2400 num
347 2324 568 2417 gravissima
605 2324 643 2392 in
677 2324 1016 2414 scriptoribus
1053 2325 1324 2415 gentilibus

212 2452 367 2544 indicia;
403 2450 540 2519 nullam
574 2468 729 2540 prorsus
763 2449 800 2516 in
834 2447 1130 2519 Christianis
1165 2449 1324 2520 haerere

213 2577 467 2669 suspicionem.
1023 2557 1024 2560 '

312 2699 454 2769 Etenim
480 2698 644 2768 nonnulli
672 2697 899 2790 philosophi,
926 2704 966 2767 ut
991 2697 1092 2768 Zeno
1122 2697 1323 2771 Cleanthes

210 2824 412 2914 Diogenes,
439 2825 571 2892 docent
598 2821 773 2891 humanas
800 2842 930 2891 carnes
957 2842 1093 2891 vorare
1120 2828 1157 2890 et
1179 2843 1224 2892 uo
1251 2844 1324 2914 pa·

210 2945 378 3016 rentibus
418 2946 562 3032 quidem
601 2964 757 3034 parcere
790 2943 842 3034 (c.
875 2944 931 3035 5).
994 2944 1127 3016 Omnes
1160 2946 1240 3016 fere
1275 2949 1322 3018 de

211 3069 362 3141 incestis
397 3068 648 3139 concubitibus
682 3069 920 3138 conveniunt:
965 3069 1072 3140 Plato
1113 3092 1321 3142 communes

210 3213 347 3263 uxores
376 3213 459 3262 esse
487 3193 709 3282 praescribit
737 3198 775 3262 et
808 3191 986 3282 Epicurus
1020 3197 1322 3266 consuetudinem

211 3317 330 3408 stupri
348 3338 428 3389 cum
451 3299 628 3387 matribus
651 3338 693 3387 ac
715 3320 905 3388 sororibus
929 3320 1167 3389 commendat.
1207 3320 1321 3391 lmmo

210 3440 304 3513 haee
327 3442 487 3513 nefanda
514 3442 654 3532 flagitia
682 3462 754 3511 non
779 3444 946 3513 dubitant
971 3445 1008 3512 in
1033 3445 1121 3513 deos
1148 3445 1320 3515 conferre

212 3566 263 3657 (c.
288 3567 348 3658 o).
399 3567 514 3660 Nam,
549 3588 658 3657 quum
691 3565 781 3636 nihil
814 3569 957 3637 omniuo
991 3575 1204 3647 constanter¹
1232 3590 1320 3640 sen·

209 3690 320 3783 tiam,
359 3711 424 3761 eos
456 3693 583 3763 dicunt
618 3698 683 3763 aut
720 3712 767 3761 ex
806 3694 937 3762 atomis
969 3699 1139 3764 constare
1177 3699 1242 3764 aut
1280 3695 1319 3766 in

208 3822 352 3886 atomos
383 3816 486 3887 abire
519 3823 584 3887 aut
616 3816 829 3886 materiales
864 3838 946 3887 esse
979 3823 1043 3888 aut
1079 3820 1217 3888 nullam
1245 3817 1321 3888 ho·

207 3940 343 4012 minum
363 3960 488 4012 euram
511 3958 661 4030 gerer03
688 3940 842 4013 aniruam
864 3942 1106 4015 immortalem
1128 3964 1237 4032 quum
1258 3945 1320 4014 ‹li-

207 4065 354 4160 xciint,'
368 4065 406 4135 iu
430 4063 504 4136 alia
529 4063 713 4137 hominum
739 4068 800 4136 vel
829 4068 1037 4138 belluarum
1063 4088 1221 4159 corpora
1246 4069 1320 4140 mi-
