2836 4852
476 242 859 381 rnonnoounnn
1185 297 1223 379 n

110 509 223 582 gnare
259 497 495 582 asseverant3
532 492 805 582 providentiam
843 485 1118 584 adimebant,
1155 488 1222 565 alii

111 617 312 706 explodunt
344 617 395 706 (c.
420 617 479 706 7).
533 615 601 701 Qui
629 636 721 687 vero
746 618 835 687 deos
861 636 944 689 esso
969 622 1106 706 negant
1130 632 1221 717 eos-7

110 742 194 831 dem
226 759 309 809 esse
340 761 468 812 rursus
504 739 705 835 affirmant,
739 740 858 829 iisque
886 740 1047 811 incestus
1080 760 1221 825 conce-,-

111 864 208 937 bitus
240 869 276 934 et
309 867 438 953 epulas
469 865 648 937 humanae
681 865 804 937 carnis
835 863 1039 935 attribuunt
1076 865 1128 955 (c.
1161 865 1219 955 8).

109 1028 160 1043 -
184 989 474 1059 Christianorum
503 1011 594 1060 vero
622 990 788 1060 doctrina
821 995 878 1059 est
906 990 1017 1079 longe
1048 988 1220 1061 sanctior.

110 1112 229 1185 Unum
252 1115 361 1185 deum
385 1134 468 1183 esse
492 1117 647 1187 credunt
675 1115 825 1203 eiusque
849 1113 1084 1203 providentia
1110 1103 1220 1186 mun&

111 1237 196 1308 dum
227 1239 446 1330 gubernari,
482 1246 519 1310 et
548 1242 667 1311 abeo
696 1241 815 1329 legem
843 1245 1087 1329 acceperunt:
1120 1257 1219 1326 qnae

110 1382 218 1451 quam
243 1369 369 1433 saneta
402 1365 448 1432 sit
479 1367 660 1454 probatur
688 1384 735 1433 ex
761 1363 943 1452 decalogo
972 1360 1071 1434 Mosi
1097 1384 1121 1434 a
1146 1362 1219 1435 deo

108 1487 198 1556 dato
228 1488 280 1576 (c.
304 1488 362 1575 9).
413 1487 492 1556 Huc
526 1488 670 1558 accedit
700 1494 937 1576 praeceptum
970 1489 1016 1557 de
1048 1485 1220 1569 huniam,-

47 1676 48 1679 ,
107 1614 187 1679 tate
215 1609 423 1679 exhibenda
456 1611 608 1681 advenis
641 1611 695 1701 (o.
722 1609 805 1699 10).
856 1610 1102 1701 Apponuutur
1126 1628 1220 1699 pro·

109 1733 304 1823 phetarum
327 1734 533 1813 testimonia
551 1736 597 1805 de
614 1735 840 1825 poenitentia
862 1735 914 1825 (c.
934 1735 1003 1826 11)
1027 1740 1065 1803 et
1082 1729 1221 1804 iustitie

110 1859 156 1945 (c.
178 1857 242 1946 12)
268 1864 304 1927 et
330 1858 500 1927 castitate
526 1860 573 1948 (c.
592 1858 666 1948 13).
719 1858 908 1929 Nonnulla
931 1880 978 1929 ex
1005 1857 1118 1931 Novo
1142 1855 1220 1927 Το-

111 1987 291 2051 stamento
318 1983 506 2053 adduntur
541 1975 587 2051 de
617 1982 770 2053 inimicis
805 1983 1004 2075 diligendis
1038 1987 1077 2052 et
1098 1960 1220 2073 gloria

110 2105 208 2174 inani
242 2105 451 2196 effugienda
488 2112 525 2176 et
559 2107 770 2178 obedientia
799 2106 1072 2199 magistratibus
1102 2126 1220 2196 prae-

110 2229 241 2307 standa
274 2231 320 2318 (c.
345 2231 420 2320 tt).
481 2231 522 2300 lu
556 2231 721 2301 homines
755 2231 824 2300 tali
859 2231 1027 2302 doctrina
1058 2230 1221 2301 imbutos

110 2374 184 2424 non
216 2355 351 2423 cadunt
383 2355 542 2425 nefanda
577 2355 647 2425 ista
683 2355 923 2425 humanarum
954 2356 1148 2445 epularum
1181 2361 1220 2424 et

110 2477 398 2569 promiscuorum
421 2479 676 2549 concubituum
697 2478 882 2569 facinora3
914 2478 1023 2548 immo
1043 2483 1145 2547 tauta
1162 2483 1222 2547 est

110 2602 403 2673 Christianorum
435 2601 507 2672 hac
532 2603 570 2672 in
593 2621 635 2671 re
661 2601 781 2671 cautio
812 2607 853 2670 ut
883 2621 1002 2688 neque
1033 2600 1222 2689 gladiato-

110 2748 190 2796 rum
215 2725 433 2817 spectaculis
457 2726 636 2795 iuteresse
658 2725 749 2814 ipsis
773 2726 894 2817 liceat,
919 2745 973 2794 ne·
984 2722 1109 2793 caedis
1128 2741 1220 2792 con-

110 2851 177 2921 scii
201 2851 308 2942 fiant,
335 2869 454 2936 neque
481 2850 575 2917 alios
599 2850 708 2919 ludos
732 2849 853 2941 obire,
888 2869 932 2917 ne
960 2848 1122 2939 ipsorum
1148 2868 1220 2917 au-

109 2995 172 3044 res
198 2979 263 3045 aut
287 2971 384 3043 oculi
406 2949 696 3043 contaminentur
721 2977 768 3061 (c.
790 2971 865 3062 15),

212 3097 306 3170 'l'nm
339 3095 569 3187 Theophilus
602 3098 737 3186 probat
774 3094 1044 3167 doctrinam
1076 3094 1220 3170 Chri·
1364 3170 1369 3175 ¹

110 3221 372 3291 stianorum
397 3220 579 3290 minime
606 3225 846 3293 recentem
874 3239 991 3289 esse.

211 3345 371 3415 Primum
402 3350 653 3434 argumentum
684 3344 770 3431 inde
813 3344 913 3417 ducit
953 3344 1051 3432 quod
1085 3342 1220 3437 Graeci

109 3468 201 3545 nihil
234 3489 389 3558 prorsus
427 3467 588 3537 viderint
620 3467 658 3539 in
688 3469 926 3541 numerandis
959 3466 1083 3536 mundi
1114 3442 1219 3547 anuis

110 3592 158 3680 (c
176 3592 250 3686 16),
276 3613 368 3681 quos
389 3591 589 3662 Christiani
609 3612 657 3661 ox
679 3591 942 3682 prophetarum
966 3590 1127 3660 oraculis
1148 3611 1219 3660 con

109 3714 232 3806 gnitos
257 3716 573 3808 hahent(c.17),
608 3721 645 3785 et
671 3717 706 3783 in
731 3717 918 3786 narrando
946 3715 1086 3784 diluvio
1103 3718 1217 3812 ¹erra-

108 3839 234 3909 verint
261 3841 404 3934 (c.18)‚
432 3842 531 3929 quod
555 3861 577 3909 a
601 3838 707 3910 Mose
734 3839 918 3933 propheta
944 3838 1217 3941 accuratissime

109 3963 333 4034 describitur
366 3966 412 4054 (c.
441 3963 516 4052 19).
577 3962 692 4032 Aliud
726 3971 977 4054 argumentum
1006 3942 1219 4052 suppeditat

108 4087 227 4159 Mosis
251 4089 303 4179 (c.
323 4089 394 4179 20)
419 4094 457 4157 et
477 4086 597 4157 exitds
618 4086 664 4155 de
688 4087 864 4178 Aegypto
891 4090 943 4179 (c.
963 4087 1035 4176 21)
1067 4091 1104 4155 et
1121 4085 1221 4156 tem-'-

934 4211 990 4286 dil
