2836 4852
211 324 262 372 xx
573 297 960 373 Pnbnbdbblmvd.

211 489 372 582 philus
403 486 767 579 Schelgvigius,
803 485 1015 577 priusquam
1050 480 1333 572 professionem

211 616 250 684 in
281 612 473 706 gymnasio
508 610 718 684 Gedanensi
751 611 931 704 suscepit,
967 607 1093 699 operis
1131 606 1332 702 'l'heophi-

212 738 301 808 liani
328 738 524 809 editionem
549 739 749 831 meditans,
774 737 813 806 in
837 737 970 807 itinere
994 731 1142 823 anglico
1169 755 1202 804 a.
1227 738 1332 810 1708

213 863 385 934 eontulit:
411 862 483 955 qui,
510 884 617 951 quum
642 870 810 953 coeptam
834 862 1030 931 editionem
1056 861 1171 930 multa
1197 882 1331 933 mune-

214 991 266 1058 ris
292 987 533 1077 occupatione
558 989 740 1060 distentus
768 988 966 1057 absolvere
993 1005 1066 1054 non
1091 994 1228 1079 posset,
1255 1009 1330 1059 va-

214 1113 354 1182 riantes
381 1113 560 1183 lectiones
587 1133 666 1183 oum
692 1109 882 1181 Wolfio
910 1110 1024 1180 amice
1049 1113 1334 1184 communicavit

215 1241 256 1306 ut
278 1257 397 1308 novae
422 1237 575 1307 editioni
601 1238 649 1306 ab
675 1257 719 1307 eo
744 1237 934 1326 parandae
956 1233 1188 1304 inservirent.
1232 1237 1331 1309 Per-

214 1382 351 1452 paucas
373 1369 511 1434 tantum
541 1361 680 1432 omisit:
707 1381 798 1450 quas
822 1359 1005 1450 supplevi.

317 1487 377 1557 111.
418 1487 541 1558 Codex
579 1485 774 1558 Parisinus
806 1482 1193 1572 Dcccnxxxffl,
1237 1486 1329 1557 olim

215 1613 290 1684 808
316 1620 448 1702 postea
474 1613 590 1705 1827,
616 1611 769 1682 Parisiis
799 1613 836 1682 in
864 1611 1095 1681 Bibliotheca
1119 1607 1330 1699 Imperato-

215 1737 273 1807 ria
297 1739 512 1831 custoditus,
541 1760 588 1808 ex
611 1757 763 1808 numero
790 1735 1164 1807 Fonteblandensium
1187 1733 1330 1824 (Regia

217 1862 311 1931 enim
345 1861 575 1932 Bibliotheca
606 1861 871 1932 totu-1595
904 1861 942 1929 in
978 1879 1066 1929 arce
1096 1859 1328 1929 Fonteblan·

216 1985 321 2053 densi
349 1986 657 2079 asservabatur),
688 1986 924 2079 chartaceus,
950 2005 997 2054 ox
1021 1983 1169 2073 vulgari
1198 1983 1330 2055 charta

216 2131 312 2181 saec.
336 2110 426 2180 XVI
456 2110 608 2204 usitata,
643 2111 795 2180 infolio
821 2130 971 2201 magno,
1008 2109 1181 2178 foliorum
1209 2110 1328 2199 (223)
1409 2130 1411 2134 ⁴

216 2235 311 2328 218,
338 2256 433 2305 anno
461 2236 562 2306 15er
594 2236 734 2326 (primo
764 2238 953 2305 dumtaxat
979 2232 1070 2303 folio
1097 2235 1276 2324 excepto)
1306 2256 1331 2305 a

217 2359 545 2431 constantino
581 2360 958 2452 Palaeooappa,
1000 2378 1139 2448 graeco
1171 2357 1329 2452 homine,

216 2485 469 2557 monachicum
492 2485 734 2555 Pachomii
763 2505 894 2555 nomen
917 2484 1074 2576 ferente,
1099 2482 1200 2552 cuius
1225 2502 1329 2552 com-

215 2611 344 2699 plures
370 2611 480 2683 hodie
516 2611 602 2682 libri
636 2611 720 2680 msti
756 2616 905 2681 exstant
937 2606 1053 2699 (Opp.
1079 2604 1261 2696 Athenag.
1284 2630 1332 2676 Ξ

217 2732 326 2824 Gorp.
351 2736 475 2827 Apoll.
501 2738 584 2807 Vol.
604 2735 683 2806 Vll.
709 2736 822 2804 Proll.
848 2755 883 2823 p.
905 2733 1044 2826 XXIV,
1069 2735 1152 2803 coll.
1177 2730 1329 2801 Monte-

126 2861 129 2867 '
215 2857 349 2927 falcon.
388 2860 582 2949 Palaeogr.
620 2880 675 2949 gr.
712 2881 745 2949 p.
779 2860 896 2952 105),
936 2858 1068 2950 grandi
1103 2858 1328 2950 charactere,

216 2987 478 3069 μονοκονδυλίως
509 2992 550 3053 ut
588 2984 732 3053 librarii
773 2985 900 3074 graeei
940 2986 1093 3075 vocant,
1137 2984 1330 3072 eleganter

217 3113 403 3201 exaratus,
429 3109 619 3180 undecimo
643 3111 726 3179 loco
750 3108 813 3177 fol.
833 3102 1049 3178 42⁸..-112b
1076 3105 1330 3197 Theophili

215 3231 349 3301 librum
375 3235 569 3305 tertium
595 3237 644 3304 ad
671 3235 895 3326 Autolycum
924 3234 1090 3329 praebet.
1131 3231 1210 3301 Hoc
1232 3231 1330 3300 enim

217 3357 343 3427 codiee
378 3360 629 3429 eontinentur:
666 3359 712 3429 1⁰.
745 3362 906 3448 Θεώρημα
933 3341 1116 3427 retortos
1143 3361 1331 3442 μαξίμου

216 3480 279 3550 fol.
303 3486 367 3552 1⁸:
393 3491 679 3576 repraesentans
705 3481 863 3574 liguram
889 3483 1107 3552 circularem
1127 3478 1330 3571 mysticam,

123 3585 125 3588 Α
216 3605 296 3676 sive
322 3609 479 3680 circulos
504 3617 581 3679 tres
605 3629 690 3678 sese
713 3615 837 3677 mutuo
860 3614 1029 3678 secantes
1055 3613 1092 3677 et
1114 3626 1225 3676 nuum
1245 3605 1333 3674 illos

216 3731 583 3829 circumplectentem,
611 3755 690 3804 oum
716 3733 1017 3822 inscriptionibus
1043 3731 1219 3802 trinitatis
1244 3750 1330 3820 my-

215 3856 366 3927 sterium
393 3860 670 3950 explieantibus.
723 3860 772 3928 2⁰.
798 3857 1128 3929 Hexastichon
1157 3853 1331 3924 iambi-

217 4003 310 4052 cum
336 3982 400 4053 fol.
426 3979 486 4053 1¹³:
522 3989 702 4071 quatenus
733 3983 914 4053 addeum
942 3983 1128 4073 pertineat
1148 3983 1186 4048 τὰ
1207 3978 1331 4064 ὀπτόν,

215 4109 252 4176 τὸ
272 4111 412 4200 τριττύν,
435 4110 560 4195 τετράς,
582 4111 716 4194 πεντάς,
740 4108 825 4195 sisic,
849 4109 960 4187 ἑπτάς.
1004 4108 1052 4176 3⁰.
1084 4100 1333 4175 Anastasii

217 4232 500 4306 Antiocheni
525 4236 563 4302 et
587 4230 760 4324 cyrilli
789 4231 1109 4302 Alexandrini
1137 4224 1331 4317 Expositio
