2836 4852
463 281 520 339 αι)
543 280 791 341 auuouuoun
814 281 889 342 nun.
910 280 950 342 n.
1001 259 1004 275 '
1165 239 1169 246 ’
1202 276 1264 341 137

154 451 248 510 etiam
279 452 312 509 ut
334 451 517 526 mysterium
540 452 740 518 monarchiae
766 452 817 510 dei
841 467 881 509 ex
904 466 940 507 ea
964 464 999 506 re
1026 450 1264 512 demonstrare·

154 563 222 636 tur,
254 560 345 619 simul
374 560 452 625 lecit
471 561 559 619 deus
590 577 721 621 uxorem
749 560 836 637 eius,
869 560 963 634 atque
993 563 1027 619 ut
1056 562 1155 620 maior
1178 566 1264 621 esset

154 671 236 728 inter
266 686 322 729 eos
344 670 576 728 benevolentia.
621 668 759 727 Adamus
792 668 887 743 igitur
915 669 1081 743 postquam
1104 672 1144 729 ad
1165 670 1262 731 Evam

155 779 249 838 dixit:
294 778 366 838 Hoc
395 798 475 838 oenc
505 777 573 854 [est]
604 798 637 837 os
667 797 707 836 ece
728 776 841 836 ossibus
862 777 935 835 meir
959 784 989 836 et
1013 798 1087 838 euro
1110 799 1150 838 ece
1172 800 1263 840 cerne

154 907 237 947 mea:
267 889 396 964 insuper
416 889 604 949 vaticinatus
628 888 678 944 est
705 886 828 946 dicens:
878 885 1051 964 Propterea
1073 886 1263 968 derelinquet

153 998 200 1055 cir
216 1003 347 1073 'putrem
368 1017 451 1057 suum
473 1004 503 1056 et
526 1000 651 1055 matrem
672 1002 703 1054 et
727 994 907 1068 adhaerebit
929 997 1023 1054 areeri
1044 1015 1130 1064 sune,
1162 999 1262 1058 munt}

154 1124 210 1184 que
233 1104 295 1165 duo
319 1107 352 1164 iu
375 1125 495 1164 curnem
517 1125 625 1164 unam:
655 1106 739 1178 quod
768 1105 869 1181 ipsum
899 1105 930 1161 in
958 1104 1048 1163 nobis
1071 1105 1179 1180 perfici
1204 1122 1263 1182 pa·

152 1217 208 1272 tet.
253 1215 327 1282 Quis
357 1216 437 1273 enim
466 1211 592 1291 nuptias
620 1213 760 1289 legitime
790 1212 980 1281 contrahens
1009 1230 1077 1272 non
1094 1216 1263 1274 contemnit

150 1326 274 1399 patrem
310 1328 343 1382 et
381 1326 509 1388 matrem
545 1325 578 1382 et
613 1325 828 1399 cognationem
857 1339 976 1380 omnem
1008 1324 1039 1380 et
1065 1325 1260 1399 propinquos

154 1448 278 1508 omnes,
316 1430 491 1490 adhaerens
526 1434 560 1488 et
589 1431 772 1489 coniunctus
800 1431 905 1489 uxori
923 1447 1015 1506 suae,
1047 1433 1165 1491 maiore
1196 1449 1262 1491 earn

153 1540 376 1628 benevolentia
411 1538 648 1614 complectens?
699 1538 785 1596 Unde
819 1540 911 1597 etiam
947 1540 1088 1601 nonnulli
1120 1542 1260 1601 extrema

153 1649 240 1706 vitae
267 1647 444 1707 discrimina
475 1648 591 1724 adeunt
617 1647 750 1722 propter
773 1661 889 1705 uxores
916 1664 1002 1706 suas.
1047 1647 1133 1708 liano
1152 1648 1261 1727 Evam,

155 1758 305 1831 quoniam,
321 1757 492 1831 antiquitus
515 1773 531 1813 a
556 1755 859 1840 serpente-decepta
882 1758 914 1813 et
937 1756 1027 1831 origo
1049 1759 1172 1832 peccati
1195 1759 1265 1835 fnit,

155 1865 313 1924 maleficus
342 1866 489 1940 daemon,
520 1865 571 1939 qui
601 1866 638 1922 et
662 1866 752 1922 satan
781 1866 929 1940 vocatur,
958 1882 994 1924 ac
1024 1868 1087 1925 tum
1116 1882 1184 1926 eam
1207 1885 1264 1944 per

151 1977 332 2050 serpentem
356 1975 511 2033 allocutus
534 1974 596 2048 est,
613 1968 714 2045 ‘atque
737 1972 840 2032 adhuc
860 1977 1012 2049 operator
1037 1977 1067 2032 in
1089 1976 1264 2037 hominibus

156 2100 175 2140 a
205 2099 240 2141 se
273 2083 446 2159 correptis,
480 2078 569 2141 Ecum
597 2081 749 2157 appellat.
802 2081 939 2141 Daemon
971 2086 1074 2144 antem
1103 2088 1135 2144 et
1167 2087 1264 2146 draco

151 2342 157 2346 ”
225 2325 271 2384 11.4
289 2323 403 2393 Ταύτην
483 2322 647 2393 Δαίμωνδὲ
665 2344 690 2376 κ.
727 2338 775 2391 quc
794 2324 846 2376 Ere
868 2342 880 2378 e
900 2331 1021 2397 serpente
1049 2328 1156 2397 primurm
1183 2329 1261 2383 sedu-

156 2405 268 2474 δράκων
285 2411 354 2478 ert]
375 2412 438 2484 Coit.
459 2413 538 2479 Apoc.
559 2411 600 2477 12,
619 2409 643 2463 9.
728 2402 766 2460 cta
784 2402 879 2475 peccati
896 2414 1115 2480 origo-existeret,
1133 2416 1262 2471 maleficus

211 2483 265 2548 '122
285 2495 386 2562 σανάν]
407 2496 486 2548 Codd.
506 2494 691 2547 mstietediti.
727 2492 832 2562 daemon
852 2497 1003 2548 ...ane
1029 2500 1160 2550 vocatur.“
1197 2501 1263 2553 Pro-

157 2579 229 2631 Alius
243 2582 376 2648 scripserit
390 2580 485 2633 σατᾶν.
514 2579 692 2632 Chfischen·
728 2576 872 2630 vocavitad
892 2580 1264 2646 oard.o1eram.1v.15‚uot
1301 2597 1306 2607 “

157 2663 220 2716 dori.
241 2666 270 2716 ad
289 2665 306 2718 2
325 2666 385 2717 cor.
405 2664 447 2730 12,
467 2664 482 2716 7
501 2663 555 2730 (ed.
575 2663 612 2728 7).
689 2687 690 2691 ¹
727 2661 797 2713 Euan
824 2663 892 2715 inter
920 2669 1018 2717 caetera
1045 2666 1136 2718 Bacchi
1164 2671 1264 2722 nomina

225 2750 266 2804 13.
291 2746 465 2817 ἐνθουσιαζ]
493 2749 554 2799 ven.
574 2752 600 2798 et
617 2746 691 2798 Bodl.
726 2752 893 2800 memoratur:
922 2750 1124 2818 „Nyctiieusque
1143 2752 1263 2807 Eleleus-

110 2897 113 2902 .
156 2830 411 2900 ἐνθνσιαζομὲνοις.
448 2834 605 2885 Bacchantes
631 2832 691 2883 suh·
727 2846 775 2897 oue
793 2835 1264 2899 parensetlacchusetllvanf‘ht

151 2921 240 2972 innuit
257 2921 376 2987 scriptor,
727 2921 852 2970 veretum
868 2921 1047 2986 exspectabas:
1065 2918 1123 2973 Διαὶ
1133 2922 1164 2974 τό
1178 2917 1264 2993 ἀρχῆ-

224 3003 265 3056 14.
285 2999 376 3071 Εὕαν]
396 3005 458 3055 Ven.
472 3001 605 3061 recteuht
619 3001 691 3053 Bodl.
726 3002 780 3054 θεν
794 3005 976 3070 πλανηθῆναι
994 3002 1100 3072 ταύτην
1117 3005 1169 3073 τήν
1184 3002 1265 3062 Εὖάν

156 3092 183 3141 et
200 3089 262 3141 editi
281 3104 368 3141 omnes
383 3090 468 3155 inepte
486 3081 572 3140 Eheu.
603 3087 692 3153 Neque
727 3080 1049 3154 interdicemus.
1076 3092 1159 3158 Ipsam
1178 3094 1264 3146 vocari

155 3173 310 3239 Hilgenfeld·
332 3172 383 3225 Die
412 3174 531 3225 clement.
557 3171 693 3238 Receperat.
727 3172 1044 3228 EvamaBaechisetiem
1058 3168 1264 3231 clemensnlcx‘.

156 3275 183 3309 u.
202 3259 301 3311 Hamil.
325 3259 393 3324 (len.
409 3256 489 3324 1818)
510 3274 535 3326 p.
550 3256 601 3309 213
619 3271 693 3308 erro·
728 3259 754 3309 in
774 3257 859 3332 Prote
879 3276 900 3312 c.
915 3259 940 3311 2.
962 3260 987 3326 §z
1005 3260 1021 3314 2
1039 3263 1134 3327 (minue
1149 3269 1265 3317 accurate

153 3333 366 3396 .rem=eorreuit.
409 3341 506 3394 Alludit
538 3343 693 3407 Theophilus
727 3342 855 3394 Eusebius
874 3345 966 3412 Praep.
989 3360 1027 3398 ev.
1049 3347 1082 3398 ll.
1103 3361 1124 3398 c.
1143 3348 1168 3400 3.
1187 3364 1213 3416 p.
1233 3349 1266 3402 71

148 3429 188 3492 ⁴ad
207 3428 380 3481 Bacchantum
398 3442 486 3480 rocem
506 3431 532 3478 et
542 3427 692 3491 clamorem,
729 3426 769 3478 cd.
790 3427 865 3479 Heio.
885 3429 1018 3495 repetiit),
1037 3434 1065 3481 ut
1082 3430 1130 3482 iem
1148 3432 1265 3501 Ducaeus

152 3529 220 3582 >quae
246 3509 334 3568 ια’άν
361 3514 401 3580 (et
417 3507 493 3576 edei)
520 3510 693 3562 vociferaben-
729 3511 846 3577 aduertit,
865 3514 902 3564 ait
919 3512 1031 3565 diserte:
1053 3510 1266 3581 ἐκόλολύζοντις

155 3602 207 3650 tur.
229 3582 350 3665 ⁸Repetit
373 3613 386 3648 a
411 3601 511 3662 satane,
536 3594 692 3662 quandoqui-
730 3589 822 3670 Εὐάνξ
840 3589 922 3647 Εὕαν
935 3595 1051 3666 ἐκείνην,
1068 3593 1104 3650 δι’
1116 3594 1153 3666 ἣν
1166 3599 1184 3669 ἡ
1196 3601 1266 3657 sutcl-

157 3682 213 3734 dem
232 3683 255 3734 is
276 3686 395 3750 operatur
413 3678 443 3733 ἐν
462 3684 522 3755 τοῖς
540 3676 692 3733 dedecoro·
729 3677 1020 3749 νηπαρηκολούθησε.
1052 3682 1105 3736 cfr.
1120 3685 1265 3743 ihiPotter.

157 3763 288 3832 ζομένοις
308 3761 355 3818 ὑπ’
376 3761 475 3818 αὐτοῦ.
512 3765 634 3816 Placitum
655 3767 694 3815 est
799 3763 841 3817 15.
861 3763 909 3817 διαὶ
925 3762 958 3817 eci
973 3764 1198 3835 ἀποδεδρακέναι
1213 3770 1264 3826 err’-

156 3850 242 3903 Noltio
258 3856 286 3901 ut
298 3853 423 3902 scriberet
439 3843 518 3901 Εὕαν
538 3849 601 3916 (sic)
621 3845 693 3900 ἐπι·
730 3844 791 3915 τὸν]
811 3842 881 3902 llaec
893 3849 1054 3918 'etymologia
1074 3855 1125 3906 κοῦ
1145 3857 1265 3921 δράκον-

157 3938 293 3988 καλεῖιαι.
314 3933 366 3988 Sed
382 3934 475 3987 videsis
490 3935 613 4000 Stephon.
627 3933 695 3986 The·
730 3952 778 3995 τας
804 3949 854 3987 nou
871 3937 944 3990 facile
963 3937 1109 3990 admittetur
1128 3955 1141 3990 a
1160 3940 1265 3995 Graccis

157 4006 232 4072 naurs
247 4036 285 4087 gr.
304 4020 366 4084 ling.
387 4018 427 4072 ed.
446 4019 514 4070 Hase
534 4017 588 4069 Vol.
602 4010 650 4069 ΙΙΙ.
669 4034 695 4085 p.
731 4020 856 4089 profanis,
874 4020 934 4073 lieet
949 4018 1107 4088 cinitonem
1122 4026 1267 4090 caperetur

157 4103 217 4157 431.
245 4103 353 4156 wolfius
371 4100 525 4157 ἐκκαλεῖται
541 4102 570 4154 ad
583 4107 695 4155 satanam
731 4105 859 4172 appellent
872 4108 1046 4161 desertionem
1059 4110 1128 4160 acici
1141 4113 1167 4160 et
1201 4102 1208 4115 ⁴
1253 4141 1265 4151 -

128 4259 129 4262 Ἴ
157 4191 256 4256 passiva
284 4191 387 4241 notione
412 4190 515 4253 retulit:
545 4189 625 4254 „Cum
647 4191 695 4240 ita·
732 4191 874 4241 eletionem
892 4192 1006 4244 militiae
1026 4092 1267 4262 etheredum-
