<?xml version="1.0" encoding="UTF-8"?>
<!DOCTYPE html PUBLIC "-//W3C//DTD XHTML 1.0 Transitional//EN"
    "http://www.w3.org/TR/xhtml1/DTD/xhtml1-transitional.dtd">
<html xmlns="http://www.w3.org/1999/xhtml" xml:lang="en" lang="en">
 <head>
  <title>
</title>
<meta http-equiv="Content-Type" content="text/html;charset=utf-8" />
  <meta name='ocr-system' content='tesseract 3.04.00' />
  <meta name='ocr-capabilities' content='ocr_page ocr_carea ocr_par ocr_line ocrx_word'/>
</head>
<body>
  <div class='ocr_page' id='page_1' title='image "./corpusapologeta00unkngoog_0013.png"; bbox 0 0 2836 4852; ppageno 0'>
   <div class='ocr_carea' id='block_1_1' title="bbox 190 292 227 341">
    <p class='ocr_par' dir='ltr' id='par_1_1' title="bbox 190 292 227 341">
     <span class='ocr_line' id='line_1_1' title="bbox 190 292 227 341; baseline 0 0"><span class='ocrx_word' id='word_1_1' title='bbox 190 292 227 341; x_wconf 84' lang='lat' dir='ltr'>vl</span> 
     </span>
    </p>
   </div>
   <div class='ocr_carea' id='block_1_2' title="bbox 189 454 1303 1175">
    <p class='ocr_par' dir='ltr' id='par_1_2' title="bbox 189 454 1303 1175">
     <span class='ocr_line' id='line_1_2' title="bbox 292 454 1303 550; baseline 0.002 -24"><span class='ocrx_word' id='word_1_2' title='bbox 292 454 388 526; x_wconf 80' lang='lat' dir='ltr'>&#39;l&#39;res</span> <span class='ocrx_word' id='word_1_3' title='bbox 422 455 477 524; x_wconf 90' lang='lat' dir='ltr'>ad</span> <span class='ocrx_word' id='word_1_4' title='bbox 513 455 803 546; x_wconf 74' lang='lat' dir='ltr'><strong>Autolycum</strong></span> <span class='ocrx_word' id='word_1_5' title='bbox 835 455 1012 545; x_wconf 82' lang='lat' dir='ltr'>gentilem</span> <span class='ocrx_word' id='word_1_6' title='bbox 1040 454 1303 550; x_wconf 84' lang='lat' dir='ltr'>(indignitate</span> 
     </span>
     <span class='ocr_line' id='line_1_3' title="bbox 191 565 1302 672; baseline -0.001 -18"><span class='ocrx_word' id='word_1_7' title='bbox 191 583 440 654; x_wconf 88' lang='lat' dir='ltr'>constitutum:</span> <span class='ocrx_word' id='word_1_8' title='bbox 465 580 527 650; x_wconf 92' lang='lat' dir='ltr'>lib.</span> <span class='ocrx_word' id='word_1_9' title='bbox 547 578 607 648; x_wconf 91' lang='lat' dir='ltr'>lll.</span> <span class='ocrx_word' id='word_1_10' title='bbox 636 600 666 649; x_wconf 92' lang='lat' dir='ltr'>c.</span> <span class='ocrx_word' id='word_1_11' title='bbox 684 582 720 649; x_wconf 84' lang='grc'>9.</span> <span class='ocrx_word' id='word_1_12' title='bbox 747 602 780 649; x_wconf 91' lang='lat' dir='ltr'>n.</span> <span class='ocrx_word' id='word_1_13' title='bbox 799 581 839 670; x_wconf 75' lang='lat' dir='ltr'>l)</span> <span class='ocrx_word' id='word_1_14' title='bbox 863 582 949 651; x_wconf 93' lang='lat' dir='ltr'>libri</span> <span class='ocrx_word' id='word_1_15' title='bbox 972 603 1044 652; x_wconf 97' lang='lat' dir='ltr'>non</span> <span class='ocrx_word' id='word_1_16' title='bbox 1071 565 1178 653; x_wconf 90' lang='lat' dir='ltr'>simul</span> <span class='ocrx_word' id='word_1_17' title='bbox 1205 603 1302 672; x_wconf 92' lang='lat' dir='ltr'>pro-</span> 
     </span>
     <span class='ocr_line' id='line_1_4' title="bbox 191 704 1302 801; baseline -0.002 -21"><span class='ocrx_word' id='word_1_18' title='bbox 191 710 353 801; x_wconf 90' lang='lat' dir='ltr'>dierunt,</span> <span class='ocrx_word' id='word_1_19' title='bbox 377 708 442 776; x_wconf 90' lang='lat' dir='ltr'>sed</span> <span class='ocrx_word' id='word_1_20' title='bbox 469 704 679 796; x_wconf 80' lang='lat' dir='ltr'>singulatim</span> <span class='ocrx_word' id='word_1_21' title='bbox 701 706 831 775; x_wconf 89' lang='lat' dir='ltr'>eodem</span> <span class='ocrx_word' id='word_1_22' title='bbox 858 706 987 777; x_wconf 85' lang='lat' dir='ltr'>ordine</span> <span class='ocrx_word' id='word_1_23' title='bbox 1013 727 1086 795; x_wconf 88' lang='lat' dir='ltr'>quo</span> <span class='ocrx_word' id='word_1_24' title='bbox 1109 726 1205 776; x_wconf 91' lang='lat' dir='ltr'>nunc</span> <span class='ocrx_word' id='word_1_25' title='bbox 1225 707 1302 778; x_wconf 93' lang='lat' dir='ltr'>ha-</span> 
     </span>
     <span class='ocr_line' id='line_1_5' title="bbox 190 830 1301 922; baseline -0.005 -15"><span class='ocrx_word' id='word_1_26' title='bbox 190 838 322 908; x_wconf 90' lang='lat' dir='ltr'>bentur</span> <span class='ocrx_word' id='word_1_27' title='bbox 354 832 418 922; x_wconf 82' lang='lat' dir='ltr'>(ib.</span> <span class='ocrx_word' id='word_1_28' title='bbox 444 851 474 900; x_wconf 93' lang='lat' dir='ltr'>c.</span> <span class='ocrx_word' id='word_1_29' title='bbox 494 830 528 898; x_wconf 85' lang='lat'>3.</span> <span class='ocrx_word' id='word_1_30' title='bbox 554 850 588 898; x_wconf 91' lang='lat' dir='ltr'>n.</span> <span class='ocrx_word' id='word_1_31' title='bbox 609 831 658 898; x_wconf 78' lang='lat' dir='ltr'>tu</span> <span class='ocrx_word' id='word_1_32' title='bbox 682 835 720 897; x_wconf 92' lang='lat' dir='ltr'>et</span> <span class='ocrx_word' id='word_1_33' title='bbox 745 831 853 898; x_wconf 86' lang='grc' dir='ltr'>ο.19.</span> <span class='ocrx_word' id='word_1_34' title='bbox 882 851 914 899; x_wconf 93' lang='lat' dir='ltr'>n.</span> <span class='ocrx_word' id='word_1_35' title='bbox 934 830 974 919; x_wconf 89' lang='lat'>8)</span> <span class='ocrx_word' id='word_1_36' title='bbox 1004 831 1301 922; x_wconf 86' lang='lat' dir='ltr'>brevissimoque</span> 
     </span>
     <span class='ocr_line' id='line_1_6' title="bbox 189 954 1300 1051; baseline -0.004 -21"><span class='ocrx_word' id='word_1_37' title='bbox 189 958 365 1049; x_wconf 88' lang='lat' dir='ltr'>temporis</span> <span class='ocrx_word' id='word_1_38' title='bbox 386 956 506 1044; x_wconf 89' lang='lat' dir='ltr'>spatio</span> <span class='ocrx_word' id='word_1_39' title='bbox 529 954 718 1023; x_wconf 89' lang='lat' dir='ltr'>interiecto</span> <span class='ocrx_word' id='word_1_40' title='bbox 744 955 791 1022; x_wconf 91' lang='lat' dir='ltr'>ad</span> <span class='ocrx_word' id='word_1_41' title='bbox 816 975 898 1024; x_wconf 91' lang='lat' dir='ltr'>eum</span> <span class='ocrx_word' id='word_1_42' title='bbox 918 955 1137 1051; x_wconf 86' lang='lat' dir='ltr'>missisunt,</span> <span class='ocrx_word' id='word_1_43' title='bbox 1164 957 1300 1028; x_wconf 90' lang='lat' dir='ltr'>deinde</span> 
     </span>
     <span class='ocr_line' id='line_1_7' title="bbox 189 1079 1299 1175; baseline -0.005 -20"><span class='ocrx_word' id='word_1_44' title='bbox 189 1104 300 1175; x_wconf 87' lang='lat' dir='ltr'>vcro,</span> <span class='ocrx_word' id='word_1_45' title='bbox 326 1087 508 1169; x_wconf 89' lang='lat' dir='ltr'>tamquam</span> <span class='ocrx_word' id='word_1_46' title='bbox 536 1080 583 1147; x_wconf 88' lang='lat' dir='ltr'>ad</span> <span class='ocrx_word' id='word_1_47' title='bbox 607 1079 703 1148; x_wconf 92' lang='lat' dir='ltr'>idem</span> <span class='ocrx_word' id='word_1_48' title='bbox 727 1086 941 1169; x_wconf 83' lang='lat' dir='ltr'>spectantes</span> <span class='ocrx_word' id='word_1_49' title='bbox 960 1088 1233 1174; x_wconf 82' lang='lat' dir='ltr'>argumentum,</span> <span class='ocrx_word' id='word_1_50' title='bbox 1260 1082 1299 1150; x_wconf 91' lang='lat' dir='ltr'>in</span> 
     </span>
    </p>
   </div>
   <div class='ocr_carea' id='block_1_3' title="bbox 80 1202 1300 1299">
    <p class='ocr_par' dir='ltr' id='par_1_3' title="bbox 80 1202 1300 1299">
     <span class='ocr_line' id='line_1_8' title="bbox 80 1202 1300 1299; baseline -0.001 -22"><span class='ocrx_word' id='word_1_51' title='bbox 80 1263 82 1267; x_wconf 90' lang='lat'>.</span> <span class='ocrx_word' id='word_1_52' title='bbox 189 1230 297 1279; x_wconf 91' lang='lat' dir='ltr'>unum</span> <span class='ocrx_word' id='word_1_53' title='bbox 333 1225 467 1295; x_wconf 92' lang='lat' dir='ltr'>corpus</span> <span class='ocrx_word' id='word_1_54' title='bbox 503 1203 692 1294; x_wconf 87' lang='lat' dir='ltr'>compacti.</span> <span class='ocrx_word' id='word_1_55' title='bbox 743 1202 864 1273; x_wconf 89' lang='lat' dir='ltr'>Primo</span> <span class='ocrx_word' id='word_1_56' title='bbox 894 1205 1010 1299; x_wconf 93' lang='lat' dir='ltr'>libro,</span> <span class='ocrx_word' id='word_1_57' title='bbox 1038 1213 1078 1276; x_wconf 93' lang='lat' dir='ltr'>ut</span> <span class='ocrx_word' id='word_1_58' title='bbox 1101 1226 1149 1276; x_wconf 87' lang='lat' dir='ltr'>ex</span> <span class='ocrx_word' id='word_1_59' title='bbox 1173 1206 1300 1276; x_wconf 90' lang='lat' dir='ltr'>limine</span> 
     </span>
    </p>
   </div>
   <div class='ocr_carea' id='block_1_4' title="bbox 182 1328 1299 4175">
    <p class='ocr_par' dir='ltr' id='par_1_4' title="bbox 182 1328 1299 3675">
     <span class='ocr_line' id='line_1_9' title="bbox 189 1328 1299 1425; baseline -0.004 -21"><span class='ocrx_word' id='word_1_60' title='bbox 189 1332 361 1425; x_wconf 82' lang='lat' dir='ltr'>patescit,</span> <span class='ocrx_word' id='word_1_61' title='bbox 398 1329 624 1400; x_wconf 84' lang='lat' dir='ltr'>occasionem</span> <span class='ocrx_word' id='word_1_62' title='bbox 656 1328 745 1399; x_wconf 89' lang='lat' dir='ltr'>fecit</span> <span class='ocrx_word' id='word_1_63' title='bbox 779 1350 901 1400; x_wconf 89' lang='lat' dir='ltr'>sermo</span> <span class='ocrx_word' id='word_1_64' title='bbox 926 1330 1171 1422; x_wconf 82' lang='lat' dir='ltr'>Theophilum</span> <span class='ocrx_word' id='word_1_65' title='bbox 1198 1332 1299 1401; x_wconf 91' lang='lat' dir='ltr'>iuter</span> 
     </span>
     <span class='ocr_line' id='line_1_10' title="bbox 189 1455 1297 1548; baseline -0.003 -20"><span class='ocrx_word' id='word_1_66' title='bbox 189 1465 227 1527; x_wconf 90' lang='lat' dir='ltr'>et</span> <span class='ocrx_word' id='word_1_67' title='bbox 251 1458 472 1548; x_wconf 85' lang='lat' dir='ltr'>Autolycum</span> <span class='ocrx_word' id='word_1_68' title='bbox 498 1455 665 1543; x_wconf 80' lang='lat' dir='ltr'>habitus3</span> <span class='ocrx_word' id='word_1_69' title='bbox 702 1457 901 1524; x_wconf 90' lang='lat' dir='ltr'>secundum</span> <span class='ocrx_word' id='word_1_70' title='bbox 931 1455 1098 1526; x_wconf 89' lang='lat' dir='ltr'>insecuta</span> <span class='ocrx_word' id='word_1_71' title='bbox 1123 1458 1173 1526; x_wconf 92' lang='lat' dir='ltr'>ad</span> <span class='ocrx_word' id='word_1_72' title='bbox 1197 1456 1297 1525; x_wconf 90' lang='lat' dir='ltr'>idem</span> 
     </span>
     <span class='ocr_line' id='line_1_11' title="bbox 187 1579 1297 1674; baseline -0.004 -19"><span class='ocrx_word' id='word_1_73' title='bbox 187 1590 441 1674; x_wconf 86' lang='lat' dir='ltr'>argumentum</span> <span class='ocrx_word' id='word_1_74' title='bbox 468 1580 751 1650; x_wconf 90' lang='lat' dir='ltr'>continuandum</span> <span class='ocrx_word' id='word_1_75' title='bbox 779 1580 954 1669; x_wconf 84' lang='lat' dir='ltr'>produxit</span> <span class='ocrx_word' id='word_1_76' title='bbox 979 1579 1188 1651; x_wconf 86' lang='lat' dir='ltr'>cohortatio</span> <span class='ocrx_word' id='word_1_77' title='bbox 1213 1581 1297 1651; x_wconf 85' lang='lat' dir='ltr'>Au-</span> 
     </span>
     <span class='ocr_line' id='line_1_12' title="bbox 187 1704 1296 1801; baseline -0.003 -22"><span class='ocrx_word' id='word_1_78' title='bbox 187 1710 319 1801; x_wconf 91' lang='lat' dir='ltr'>tolyci,</span> <span class='ocrx_word' id='word_1_79' title='bbox 346 1729 441 1796; x_wconf 91' lang='lat' dir='ltr'>quae</span> <span class='ocrx_word' id='word_1_80' title='bbox 468 1708 535 1776; x_wconf 87' lang='lat' dir='ltr'>snb</span> <span class='ocrx_word' id='word_1_81' title='bbox 562 1704 700 1773; x_wconf 90' lang='lat' dir='ltr'>initium</span> <span class='ocrx_word' id='word_1_82' title='bbox 724 1710 966 1794; x_wconf 72' lang='lat' dir='ltr'>memoratur,</span> <span class='ocrx_word' id='word_1_83' title='bbox 1000 1726 1183 1794; x_wconf 89' lang='lat' dir='ltr'>quumque</span> <span class='ocrx_word' id='word_1_84' title='bbox 1212 1706 1296 1776; x_wconf 86' lang='lat' dir='ltr'>Au-</span> 
     </span>
     <span class='ocr_line' id='line_1_13' title="bbox 182 1829 1297 1924; baseline -0.002 -21"><span class='ocrx_word' id='word_1_85' title='bbox 182 1836 332 1924; x_wconf 86' lang='lat' dir='ltr'>tolycus</span> <span class='ocrx_word' id='word_1_86' title='bbox 351 1834 470 1901; x_wconf 90' lang='lat' dir='ltr'>denuo</span> <span class='ocrx_word' id='word_1_87' title='bbox 491 1847 711 1918; x_wconf 86' lang='lat' dir='ltr'>congressus</span> <span class='ocrx_word' id='word_1_88' title='bbox 729 1832 830 1896; x_wconf 90' lang='lat' dir='ltr'>esset</span> <span class='ocrx_word' id='word_1_89' title='bbox 848 1849 927 1898; x_wconf 92' lang='lat' dir='ltr'>cum</span> <span class='ocrx_word' id='word_1_90' title='bbox 951 1829 1171 1924; x_wconf 80' lang='lat' dir='ltr'>Theophilo,</span> <span class='ocrx_word' id='word_1_91' title='bbox 1194 1833 1297 1919; x_wconf 86' lang='lat' dir='ltr'>quod</span> 
     </span>
     <span class='ocr_line' id='line_1_14' title="bbox 187 1952 1294 2048; baseline -0.003 -20"><span class='ocrx_word' id='word_1_92' title='bbox 187 1958 335 2047; x_wconf 84' lang='lat' dir='ltr'>quidem</span> <span class='ocrx_word' id='word_1_93' title='bbox 359 1956 391 2024; x_wconf 88' lang='lat' dir='ltr'>is</span> <span class='ocrx_word' id='word_1_94' title='bbox 419 1956 456 2024; x_wconf 93' lang='lat' dir='ltr'>in</span> <span class='ocrx_word' id='word_1_95' title='bbox 484 1953 556 2023; x_wconf 86' lang='lat' dir='ltr'>tine</span> <span class='ocrx_word' id='word_1_96' title='bbox 585 1952 737 2021; x_wconf 91' lang='lat' dir='ltr'>secundi</span> <span class='ocrx_word' id='word_1_97' title='bbox 767 1953 853 2022; x_wconf 85' lang='lat' dir='ltr'>libri</span> <span class='ocrx_word' id='word_1_98' title='bbox 881 1956 1043 2048; x_wconf 86' lang='lat' dir='ltr'>optavit,</span> <span class='ocrx_word' id='word_1_99' title='bbox 1076 1976 1144 2024; x_wconf 90' lang='lat' dir='ltr'>nec</span> <span class='ocrx_word' id='word_1_100' title='bbox 1170 1963 1294 2025; x_wconf 86' lang='lat' dir='ltr'>tamen</span> 
     </span>
     <span class='ocr_line' id='line_1_15' title="bbox 185 2077 1294 2170; baseline -0.002 -18"><span class='ocrx_word' id='word_1_101' title='bbox 185 2082 337 2153; x_wconf 91' lang='lat' dir='ltr'>veritati</span> <span class='ocrx_word' id='word_1_102' title='bbox 369 2100 496 2149; x_wconf 90' lang='lat' dir='ltr'>manns</span> <span class='ocrx_word' id='word_1_103' title='bbox 530 2077 710 2170; x_wconf 90' lang='lat' dir='ltr'>dedisset,</span> <span class='ocrx_word' id='word_1_104' title='bbox 750 2078 897 2148; x_wconf 87' lang='lat' dir='ltr'>tertium</span> <span class='ocrx_word' id='word_1_105' title='bbox 923 2081 1052 2169; x_wconf 90' lang='lat' dir='ltr'>(quem</span> <span class='ocrx_word' id='word_1_106' title='bbox 1078 2080 1294 2151; x_wconf 90' lang='lat' dir='ltr'>Lactantius</span> 
     </span>
     <span class='ocr_line' id='line_1_16' title="bbox 186 2201 1294 2302; baseline -0.002 -25"><span class='ocrx_word' id='word_1_107' title='bbox 186 2210 339 2302; x_wconf 87' lang='lat' dir='ltr'>„librum</span> <span class='ocrx_word' id='word_1_108' title='bbox 362 2207 408 2274; x_wconf 88' lang='lat' dir='ltr'>de</span> <span class='ocrx_word' id='word_1_109' title='bbox 434 2201 681 2295; x_wconf 86' lang='lat' dir='ltr'>temporibus“</span> <span class='ocrx_word' id='word_1_110' title='bbox 707 2205 893 2293; x_wconf 84' lang='lat' dir='ltr'>appellat)</span> <span class='ocrx_word' id='word_1_111' title='bbox 915 2205 1075 2275; x_wconf 83' lang='lat' dir='ltr'>confecit</span> <span class='ocrx_word' id='word_1_112' title='bbox 1099 2205 1294 2295; x_wconf 81' lang='lat' dir='ltr'>Theophi-</span> 
     </span>
     <span class='ocr_line' id='line_1_17' title="bbox 185 2329 1292 2426; baseline -0.003 -23"><span class='ocrx_word' id='word_1_113' title='bbox 185 2335 261 2426; x_wconf 89' lang='lat' dir='ltr'>lus,</span> <span class='ocrx_word' id='word_1_114' title='bbox 286 2352 356 2421; x_wconf 92' lang='lat' dir='ltr'>quo</span> <span class='ocrx_word' id='word_1_115' title='bbox 386 2331 571 2399; x_wconf 87' lang='lat' dir='ltr'>residuam</span> <span class='ocrx_word' id='word_1_116' title='bbox 595 2329 649 2397; x_wconf 91' lang='lat' dir='ltr'>illi</span> <span class='ocrx_word' id='word_1_117' title='bbox 681 2329 858 2399; x_wconf 85' lang='lat' dir='ltr'>eximeret</span> <span class='ocrx_word' id='word_1_118' title='bbox 882 2330 928 2398; x_wconf 92' lang='lat' dir='ltr'>do</span> <span class='ocrx_word' id='word_1_119' title='bbox 953 2332 1111 2400; x_wconf 85' lang='lat' dir='ltr'>veritate</span> <span class='ocrx_word' id='word_1_120' title='bbox 1135 2331 1292 2426; x_wconf 84' lang='lat' dir='ltr'>religio-</span> 
     </span>
     <span class='ocr_line' id='line_1_18' title="bbox 185 2454 1293 2547; baseline -0.004 -19"><span class='ocrx_word' id='word_1_121' title='bbox 185 2458 241 2528; x_wconf 91' lang='lat' dir='ltr'>nis</span> <span class='ocrx_word' id='word_1_122' title='bbox 267 2457 488 2528; x_wconf 82' lang='lat' dir='ltr'>christianae</span> <span class='ocrx_word' id='word_1_123' title='bbox 517 2454 789 2547; x_wconf 84' lang='lat' dir='ltr'>dubitationem,</span> <span class='ocrx_word' id='word_1_124' title='bbox 814 2475 861 2523; x_wconf 89' lang='lat' dir='ltr'>ex</span> <span class='ocrx_word' id='word_1_125' title='bbox 887 2455 984 2525; x_wconf 82' lang='lat' dir='ltr'>falso</span> <span class='ocrx_word' id='word_1_126' title='bbox 1012 2457 1153 2526; x_wconf 91' lang='lat' dir='ltr'>credita</span> <span class='ocrx_word' id='word_1_127' title='bbox 1180 2456 1293 2527; x_wconf 85' lang='lat' dir='ltr'>novi-</span> 
     </span>
     <span class='ocr_line' id='line_1_19' title="bbox 186 2579 1292 2673; baseline -0.002 -19"><span class='ocrx_word' id='word_1_128' title='bbox 186 2589 263 2655; x_wconf 86' lang='lat' dir='ltr'>tate</span> <span class='ocrx_word' id='word_1_129' title='bbox 289 2584 552 2673; x_wconf 90' lang='lat' dir='ltr'>scriptnrarum</span> <span class='ocrx_word' id='word_1_130' title='bbox 578 2599 765 2649; x_wconf 90' lang='lat' dir='ltr'>sacrarum</span> <span class='ocrx_word' id='word_1_131' title='bbox 788 2587 921 2651; x_wconf 89' lang='lat' dir='ltr'>natam.</span> <span class='ocrx_word' id='word_1_132' title='bbox 963 2579 1004 2649; x_wconf 93' lang='lat' dir='ltr'>In</span> <span class='ocrx_word' id='word_1_133' title='bbox 1031 2580 1142 2652; x_wconf 89' lang='lat' dir='ltr'>tertio</span> <span class='ocrx_word' id='word_1_134' title='bbox 1169 2585 1292 2652; x_wconf 89' lang='lat' dir='ltr'>autem</span> 
     </span>
     <span class='ocr_line' id='line_1_20' title="bbox 184 2684 1292 2799; baseline -0.005 -18"><span class='ocrx_word' id='word_1_135' title='bbox 184 2710 283 2780; x_wconf 90' lang='lat' dir='ltr'>libro</span> <span class='ocrx_word' id='word_1_136' title='bbox 308 2717 458 2799; x_wconf 90' lang='lat' dir='ltr'>auctor,</span> <span class='ocrx_word' id='word_1_137' title='bbox 482 2706 545 2775; x_wconf 92' lang='lat' dir='ltr'>ubi</span> <span class='ocrx_word' id='word_1_138' title='bbox 562 2684 847 2793; x_wconf 83' lang='lat' dir='ltr'>&#39;chronologiam</span> <span class='ocrx_word' id='word_1_139' title='bbox 873 2705 919 2773; x_wconf 86' lang='lat' dir='ltr'>ad</span> <span class='ocrx_word' id='word_1_140' title='bbox 943 2725 1046 2775; x_wconf 88' lang='lat' dir='ltr'>suam</span> <span class='ocrx_word' id='word_1_141' title='bbox 1075 2724 1189 2794; x_wconf 82' lang='lat' dir='ltr'>usque</span> <span class='ocrx_word' id='word_1_142' title='bbox 1221 2725 1292 2777; x_wconf 84' lang='lat' dir='ltr'>ae—</span> 
     </span>
     <span class='ocr_line' id='line_1_21' title="bbox 185 2830 1292 2922; baseline -0.004 -18"><span class='ocrx_word' id='word_1_143' title='bbox 185 2841 299 2905; x_wconf 87' lang='lat' dir='ltr'>tatem</span> <span class='ocrx_word' id='word_1_144' title='bbox 327 2833 464 2902; x_wconf 90' lang='lat' dir='ltr'>diserte</span> <span class='ocrx_word' id='word_1_145' title='bbox 488 2830 672 2919; x_wconf 88' lang='lat' dir='ltr'>pollicitus</span> <span class='ocrx_word' id='word_1_146' title='bbox 697 2836 755 2898; x_wconf 89' lang='lat' dir='ltr'>est</span> <span class='ocrx_word' id='word_1_147' title='bbox 781 2831 833 2918; x_wconf 91' lang='lat' dir='ltr'>(c.</span> <span class='ocrx_word' id='word_1_148' title='bbox 856 2830 938 2922; x_wconf 80' lang='lat'>26),</span> <span class='ocrx_word' id='word_1_149' title='bbox 966 2838 1168 2920; x_wconf 92' lang='lat' dir='ltr'>temporum</span> <span class='ocrx_word' id='word_1_150' title='bbox 1200 2851 1292 2920; x_wconf 82' lang='lat' dir='ltr'>quas</span> 
     </span>
     <span class='ocr_line' id='line_1_22' title="bbox 184 2954 1292 3041; baseline -0.003 -13"><span class='ocrx_word' id='word_1_151' title='bbox 184 2957 298 3028; x_wconf 90' lang='lat' dir='ltr'>nectit</span> <span class='ocrx_word' id='word_1_152' title='bbox 327 2956 490 3024; x_wconf 89' lang='lat' dir='ltr'>rationes</span> <span class='ocrx_word' id='word_1_153' title='bbox 518 2962 656 3023; x_wconf 89' lang='lat' dir='ltr'>tantum</span> <span class='ocrx_word' id='word_1_154' title='bbox 682 2956 869 3041; x_wconf 88' lang='lat' dir='ltr'>usquead</span> <span class='ocrx_word' id='word_1_155' title='bbox 893 2954 1014 3025; x_wconf 90' lang='lat' dir='ltr'>Marci</span> <span class='ocrx_word' id='word_1_156' title='bbox 1040 2957 1181 3026; x_wconf 84' lang='lat' dir='ltr'>Aurelii</span> <span class='ocrx_word' id='word_1_157' title='bbox 1206 2955 1292 3026; x_wconf 90' lang='lat' dir='ltr'>obi-</span> 
     </span>
     <span class='ocr_line' id='line_1_23' title="bbox 184 3079 1290 3170; baseline -0.004 -15"><span class='ocrx_word' id='word_1_158' title='bbox 184 3090 259 3155; x_wconf 92' lang='lat' dir='ltr'>tum</span> <span class='ocrx_word' id='word_1_159' title='bbox 282 3081 433 3152; x_wconf 85' lang='lat' dir='ltr'>deducit</span> <span class='ocrx_word' id='word_1_160' title='bbox 463 3081 515 3169; x_wconf 90' lang='lat' dir='ltr'>(c.</span> <span class='ocrx_word' id='word_1_161' title='bbox 541 3082 632 3169; x_wconf 75' lang='lat'>27):</span> <span class='ocrx_word' id='word_1_162' title='bbox 671 3081 783 3170; x_wconf 87' lang='lat' dir='ltr'>unde,</span> <span class='ocrx_word' id='word_1_163' title='bbox 818 3079 997 3168; x_wconf 89' lang='lat' dir='ltr'>siquidem</span> <span class='ocrx_word' id='word_1_164' title='bbox 1034 3099 1150 3149; x_wconf 85' lang='lat' dir='ltr'>annos</span> <span class='ocrx_word' id='word_1_165' title='bbox 1176 3079 1290 3151; x_wconf 79' lang='lat' dir='ltr'>Gom-</span> 
     </span>
     <span class='ocr_line' id='line_1_24' title="bbox 183 3204 1291 3297; baseline -0.005 -16"><span class='ocrx_word' id='word_1_166' title='bbox 183 3208 283 3281; x_wconf 91' lang='lat' dir='ltr'>modi</span> <span class='ocrx_word' id='word_1_167' title='bbox 315 3227 388 3277; x_wconf 93' lang='lat' dir='ltr'>non</span> <span class='ocrx_word' id='word_1_168' title='bbox 414 3211 603 3297; x_wconf 88' lang='lat' dir='ltr'>recenset,</span> <span class='ocrx_word' id='word_1_169' title='bbox 631 3204 727 3275; x_wconf 92' lang='lat' dir='ltr'>huno</span> <span class='ocrx_word' id='word_1_170' title='bbox 752 3210 855 3295; x_wconf 90' lang='lat' dir='ltr'>patet</span> <span class='ocrx_word' id='word_1_171' title='bbox 885 3205 1018 3278; x_wconf 89' lang='lat' dir='ltr'>librum</span> <span class='ocrx_word' id='word_1_172' title='bbox 1047 3207 1175 3293; x_wconf 92' lang='lat' dir='ltr'>paullo</span> <span class='ocrx_word' id='word_1_173' title='bbox 1203 3211 1291 3295; x_wconf 86' lang='lat' dir='ltr'>post</span> 
     </span>
     <span class='ocr_line' id='line_1_25' title="bbox 184 3329 1288 3424; baseline -0.006 -19"><span class='ocrx_word' id='word_1_174' title='bbox 184 3353 293 3424; x_wconf 85' lang='lat' dir='ltr'>qnam</span> <span class='ocrx_word' id='word_1_175' title='bbox 329 3333 513 3423; x_wconf 88' lang='lat' dir='ltr'>imperare</span> <span class='ocrx_word' id='word_1_176' title='bbox 551 3330 673 3420; x_wconf 90' lang='lat' dir='ltr'>coepit</span> <span class='ocrx_word' id='word_1_177' title='bbox 709 3329 929 3401; x_wconf 81' lang='lat' dir='ltr'>Commodus</span> <span class='ocrx_word' id='word_1_178' title='bbox 964 3334 1156 3399; x_wconf 84' lang='lat' dir='ltr'>exaratum</span> <span class='ocrx_word' id='word_1_179' title='bbox 1192 3349 1288 3423; x_wconf 89' lang='lat' dir='ltr'>esse,</span> 
     </span>
     <span class='ocr_line' id='line_1_26' title="bbox 183 3454 1288 3546; baseline -0.005 -16"><span class='ocrx_word' id='word_1_180' title='bbox 183 3460 219 3529; x_wconf 90' lang='lat' dir='ltr'>h.</span> <span class='ocrx_word' id='word_1_181' title='bbox 240 3480 271 3529; x_wconf 91' lang='lat' dir='ltr'>e.</span> <span class='ocrx_word' id='word_1_182' title='bbox 300 3476 397 3528; x_wconf 91' lang='lat' dir='ltr'>anno</span> <span class='ocrx_word' id='word_1_183' title='bbox 424 3458 517 3546; x_wconf 79' lang='lat'>1813</span> <span class='ocrx_word' id='word_1_184' title='bbox 556 3457 628 3524; x_wconf 89' lang='lat' dir='ltr'>duo</span> <span class='ocrx_word' id='word_1_185' title='bbox 655 3456 739 3525; x_wconf 93' lang='lat' dir='ltr'>libri</span> <span class='ocrx_word' id='word_1_186' title='bbox 767 3455 913 3545; x_wconf 90' lang='lat' dir='ltr'>priores</span> <span class='ocrx_word' id='word_1_187' title='bbox 940 3454 1097 3543; x_wconf 93' lang='lat' dir='ltr'>tempori</span> <span class='ocrx_word' id='word_1_188' title='bbox 1122 3455 1288 3544; x_wconf 91' lang='lat' dir='ltr'>proxime</span> 
     </span>
     <span class='ocr_line' id='line_1_27' title="bbox 184 3581 1039 3675; baseline -0.009 -19"><span class='ocrx_word' id='word_1_189' title='bbox 184 3583 432 3674; x_wconf 84' lang='lat' dir='ltr'>antecedenti,</span> <span class='ocrx_word' id='word_1_190' title='bbox 458 3601 554 3650; x_wconf 88' lang='lat' dir='ltr'>anno</span> <span class='ocrx_word' id='word_1_191' title='bbox 582 3581 673 3675; x_wconf 88' lang='lat'>180,</span> <span class='ocrx_word' id='word_1_192' title='bbox 701 3588 786 3651; x_wconf 91' lang='lat' dir='ltr'>sunt</span> <span class='ocrx_word' id='word_1_193' title='bbox 815 3581 1039 3672; x_wconf 89' lang='lat' dir='ltr'>assignandi.</span> 
     </span>
    </p>

    <p class='ocr_par' dir='ltr' id='par_1_5' title="bbox 182 3704 1288 4175">
     <span class='ocr_line' id='line_1_28' title="bbox 284 3704 1288 3798; baseline -0.004 -20"><span class='ocrx_word' id='word_1_194' title='bbox 284 3708 464 3778; x_wconf 82' lang='lat' dir='ltr'>Eusebius</span> <span class='ocrx_word' id='word_1_195' title='bbox 486 3706 548 3796; x_wconf 85' lang='lat' dir='ltr'>(H.</span> <span class='ocrx_word' id='word_1_196' title='bbox 568 3706 607 3774; x_wconf 84' lang='lat' dir='ltr'>E.</span> <span class='ocrx_word' id='word_1_197' title='bbox 626 3704 687 3775; x_wconf 87' lang='lat' dir='ltr'>lv.</span> <span class='ocrx_word' id='word_1_198' title='bbox 704 3726 733 3776; x_wconf 84' lang='lat' dir='ltr'>c.</span> <span class='ocrx_word' id='word_1_199' title='bbox 750 3707 833 3798; x_wconf 73' lang='lat' dir='ltr'>el),</span> <span class='ocrx_word' id='word_1_200' title='bbox 858 3713 1052 3795; x_wconf 89' lang='lat' dir='ltr'>postquam</span> <span class='ocrx_word' id='word_1_201' title='bbox 1069 3705 1187 3794; x_wconf 88' lang='lat' dir='ltr'>primo</span> <span class='ocrx_word' id='word_1_202' title='bbox 1204 3707 1288 3775; x_wconf 92' lang='lat' dir='ltr'>loco</span> 
     </span>
     <span class='ocr_line' id='line_1_29' title="bbox 182 3831 1287 3924; baseline -0.007 -16"><span class='ocrx_word' id='word_1_203' title='bbox 182 3840 226 3908; x_wconf 74' lang='grc' dir='ltr'>τοὶ</span> <span class='ocrx_word' id='word_1_204' title='bbox 239 3837 318 3924; x_wconf 76' lang='grc' dir='ltr'><strong><em>πρός</em></strong></span> <span class='ocrx_word' id='word_1_205' title='bbox 332 3832 520 3901; x_wconf 73' lang='grc' dir='ltr'><strong><em>Αὐτόλυκον</em></strong></span> <span class='ocrx_word' id='word_1_206' title='bbox 536 3832 722 3919; x_wconf 77' lang='grc' dir='ltr'><strong><em>στοιχειώδη</em></strong></span> <span class='ocrx_word' id='word_1_207' title='bbox 738 3834 973 3918; x_wconf 71' lang='grc' dir='ltr'><strong><em>συγγράμματα</em></strong></span> <span class='ocrx_word' id='word_1_208' title='bbox 992 3831 1171 3924; x_wconf 75' lang='lat' dir='ltr'>laudavit,</span> <span class='ocrx_word' id='word_1_209' title='bbox 1193 3831 1287 3900; x_wconf 75' lang='lat' dir='ltr'>alios</span> 
     </span>
     <span class='ocr_line' id='line_1_30' title="bbox 182 3953 1288 4044; baseline -0.005 -13"><span class='ocrx_word' id='word_1_210' title='bbox 182 3962 443 4031; x_wconf 85' lang='lat' dir='ltr'>commemorat</span> <span class='ocrx_word' id='word_1_211' title='bbox 470 3953 668 4044; x_wconf 79' lang='lat' dir='ltr'>&#39;l&#39;heophili</span> <span class='ocrx_word' id='word_1_212' title='bbox 695 3955 831 4024; x_wconf 90' lang='lat' dir='ltr'>libros:</span> <span class='ocrx_word' id='word_1_213' title='bbox 856 3959 942 4025; x_wconf 69' lang='lat' dir='ltr'>nard</span> <span class='ocrx_word' id='word_1_214' title='bbox 962 3963 1175 4044; x_wconf 77' lang='grc' dir='ltr'><strong><em>Μαρκίωνος,</em></strong></span> <span class='ocrx_word' id='word_1_215' title='bbox 1203 3957 1288 4044; x_wconf 70' lang='grc' dir='ltr'>πρὸς</span> 
     </span>
     <span class='ocr_line' id='line_1_31' title="bbox 182 4080 1286 4175; baseline -0.004 -20"><span class='ocrx_word' id='word_1_216' title='bbox 182 4089 242 4175; x_wconf 80' lang='grc' dir='ltr'>τήν</span> <span class='ocrx_word' id='word_1_217' title='bbox 264 4095 388 4173; x_wconf 72' lang='grc' dir='ltr'><strong><em>αἵρεσιν</em></strong></span> <span class='ocrx_word' id='word_1_218' title='bbox 407 4082 628 4171; x_wconf 75' lang='grc' dir='ltr'><strong><em>Ἑρμογένους,</em></strong></span> <span class='ocrx_word' id='word_1_219' title='bbox 651 4082 744 4171; x_wconf 70' lang='grc' dir='ltr'><em>ἕτερά</em></span> <span class='ocrx_word' id='word_1_220' title='bbox 764 4106 839 4150; x_wconf 70' lang='grc' dir='ltr'>τινα</span> <span class='ocrx_word' id='word_1_221' title='bbox 860 4080 1053 4170; x_wconf 61' lang='lat' dir='ltr'>occemund</span> <span class='ocrx_word' id='word_1_222' title='bbox 1073 4084 1184 4167; x_wconf 73' lang='grc' dir='ltr'><strong><em>βιβλία</em></strong></span> <span class='ocrx_word' id='word_1_223' title='bbox 1194 4107 1207 4147; x_wconf 91' lang='lat'>:·</span> <span class='ocrx_word' id='word_1_224' title='bbox 1225 4083 1286 4169; x_wconf 88' lang='lat' dir='ltr'>qui</span> 
     </span>
    </p>
   </div>
   <div class='ocr_carea' id='block_1_5' title="bbox 0 0 1422 4852">
    <p class='ocr_par' dir='ltr' id='par_1_6' title="bbox 0 0 1422 4852">
     <span class='ocr_line' id='line_1_32' title="bbox 0 0 1422 4852; baseline 0 2"><span class='ocrx_word' id='word_1_225' title='bbox 0 0 1422 4852; x_wconf 95' lang='lat' dir='ltr'> </span> 
     </span>
    </p>
   </div>
  </div>
 </body>
</html>
